790 1221
195 44 221 58 Pii
230 44 276 62 Papa
285 44 311 58 IX.
322 45 397 58 allocutio
407 44 461 58 habita
469 45 494 59 die
503 45 525 58 12.
534 44 591 58 Martii
599 44 642 58 1877.

187 87 240 104 tamen
252 87 271 103 ah
283 87 354 104 omnihus
365 88 438 109 intelligu',
450 87 489 109 quod
501 87 574 104 salutaris
586 87 675 104 documenti
685 87 719 104 loco

187 118 226 130 mam
235 113 266 130 vim
278 114 295 130 et
304 113 433 135 significationem
442 119 493 130 veram
500 113 640 135 peregrinationem
648 113 719 133 istaram,

187 144 241 160 *mpure
247 140 300 156 crebro
306 140 359 156 iterari
364 140 439 160 videmus,
445 145 475 161 que
480 140 558 156 Romanus
563 139 665 156 Pontificatus
671 139 719 156 tater-

188 165 222 182 lum
227 166 309 187 experitur.
322 165 385 182 Scilicet
391 166 428 182 illae
434 171 464 182 non
471 171 489 182 eo
495 166 547 182 valent
553 166 615 182 tantum
623 166 641 182 ut
650 170 719 182 amorem

187 191 246 208 antiam
260 191 330 208 fidelium
344 192 411 213 prodant
424 197 462 213 erga
476 192 582 208 humilitatem
594 192 677 212 Nostram,
692 191 720 208 sed

187 223 198 234 n
205 218 280 239 praebent
286 218 362 239 judicium
368 218 477 237 sollicidutinis
485 218 501 235 et
509 218 610 238 anxietatum,
621 222 661 239 quae
666 222 720 234 eorum

187 244 252 263 minut,
264 244 304 265 quod
317 244 403 261 communis
415 245 483 261 Parcens
494 244 510 260 in
519 244 589 260 abnormi
596 248 659 265 prorsus
669 248 687 260 ao
695 244 720 260 in-

187 270 263 286 anditione
271 270 345 287 versatur.
363 270 417 292 Neque
428 271 466 287 haee
478 270 547 287 anxietas
559 271 575 286 et
586 270 674 286 sollicitudo
683 274 720 286 con-

188 301 213 312 mo
219 297 296 317 augeatur
303 297 368 317 oportet,
383 297 431 313 donec
438 297 454 313 in
464 297 576 318 possessionem
584 296 638 317 plenae
650 297 666 312 et
674 300 719 312 verae

187 322 243 338 Pastor
254 322 335 339 universae
346 322 424 339 Ecclesiae
435 322 534 339 restituatur.

187 353 211 364 rea
222 348 262 366 nihil
277 348 328 370 magis
343 349 423 369 optamus,
442 349 541 365 Venerabiles
553 348 625 368 Fratres,
640 353 688 369 qnam
701 348 719 364 ut

187 374 220 390 trae
231 379 249 391 ex
259 374 288 391 hoc
297 374 374 395 parietum
386 375 429 396 septo
440 375 460 391 ad
472 375 536 391 ultimos
547 375 624 391 terrarum
635 374 673 391 lines
685 379 719 390 ma-

187 400 231 417 »tius
243 400 284 417 orbis
295 400 368 417 fidelibus
378 406 406 422 pro
419 401 507 417 illustribus
521 405 560 422 quae
575 401 675 420 eontinentur
688 400 718 421 ipsi

187 426 234 443 ilialis
246 426 333 443 dilectionis
345 427 361 443 et
372 427 441 448 obsequii
453 427 554 448 argumentis,
567 431 620 443 sensus
631 426 718 448 gratissimi

187 453 205 469 tri
216 453 298 469 testentur.
322 453 398 474 Optamus
409 453 451 469 enim
462 453 481 469 iis
493 453 553 474 gratias
564 457 610 474 agere
622 457 649 473 pro
660 452 687 473 pia
698 452 718 468 li-

196 483 227 500 qua
238 479 287 495 etiam
299 478 378 495 interdum
389 479 488 495 difficultatis
500 484 552 495 rerum
559 483 622 495 suarum
631 478 676 495 obliti
686 478 719 495 No-

187 505 233 524 mtur,
244 505 346 526 agnoscentes
356 505 389 522 Deo
400 505 451 522 offerri
462 505 537 526 quidquid
549 504 627 521 Ecclesiae
638 504 718 525 tribuitur,

187 535 212 551 pro
223 530 353 552 magnanimitate
364 531 381 547 et
391 531 455 551 virtute,
466 536 497 552 qua
507 531 589 552 impiorum
600 531 632 547 iras
643 531 659 547 et
669 530 719 547 irrisi-

188 556 240 576 ciunt,
251 556 315 577 Nosque
326 557 345 573 iis
359 557 438 574 devinctos
454 557 523 578 profiteri
537 561 565 578 pro
581 557 671 576 alacritate,
688 561 720 578 qua

187 587 220 599 anes
231 583 255 599 sui
267 583 323 599 amoris
330 583 380 600 Nobis
391 583 445 600 offerre
453 583 516 600 student
527 583 547 599 ad
555 583 663 599 celebrandum
675 583 720 599 anui<

187 608 219 625 diei
224 608 267 625 illius
272 609 368 629 memoriam,
374 614 404 630 quo
410 610 447 626 ante
451 614 498 626 annes
504 609 618 630 quinquaginta
624 608 720 630 Episeopalis

187 634 216 651 »nis
221 639 282 655 munus,
289 635 326 652 licet
332 635 392 657 indigni
400 636 500 656 suscepimus.
508 635 541 652 Nec
547 635 598 652 minus
604 635 652 652 Nobis
657 635 673 651 in
679 634 720 651 votis

187 665 222 677 unes
234 661 282 677 etiam
292 661 395 678 Ecclesiarum
406 666 446 683 quae
457 662 489 678 late
501 666 528 682 per
540 661 593 678 orbem
604 661 670 677 diffusae
681 661 719 677 suut

187 691 229 703 voces
238 687 266 703 has
276 687 347 704 Nostrae*
353 688 446 709 excipientes
458 693 475 704 ex
487 687 506 704 iis
517 687 636 704 incitamentum
651 687 721 707 sumant,

187 713 216 729 ent
227 713 299 730 fidelibus
315 713 347 730 suis
362 714 439 734 pericula,
455 713 578 735 oppugnationes
592 714 609 730 et
623 713 722 729 incommoda

187 739 251 759 rariora,
262 739 318 760 quibus
327 740 420 761 premimur,
439 745 495 761 eosque
506 740 552 756 simul
568 739 640 756 certiores
655 739 721 755 faciant=

187 770 202 781 m
213 770 292 786 nunquam
307 766 400 786 destituros,
419 766 511 787 quicumque
526 770 578 782 rerum
592 766 642 782 exitus
657 765 722 781 futurus

187 791 269 812 probandis
280 791 383 813 inquitatibus
394 797 434 813 quae
446 797 498 809 eorum
504 792 554 808 Nobis
561 792 653 813 pauentum
665 796 720 807 verum

197 818 281 839 aliquando
293 823 328 834 curn
340 818 403 840 propter
413 818 457 840 leges
467 823 516 839 nuper
527 818 598 839 rogatat,
610 818 644 834 tam
655 817 719 838 propter

196 844 327 865 praenunciantur
338 844 386 861 eldam
397 844 484 864 saeviores.
495 845 514 861 ut
523 849 551 861 vox
562 844 621 860 Nostra
634 848 682 865 nsque
697 843 719 859 ad

187 870 254 887 iratius
269 871 285 887 et
301 875 346 891 aegre
362 870 445 887 admodum
461 875 488 891 per
503 870 602 891 interpositas
617 869 719 886 difficultates

187 896 212 913 πί.
235 897 253 913 Iu
264 897 289 913 his
300 897 354 913 tamen
364 901 417 919 rerum
429 897 507 918 adjunctis
519 897 591 913 Pastores
602 896 643 917 ipsos
658 895 718 921 exc-ita:

187 927 232 944 reges
248 927 284 939 suos
299 923 418 944 praemoneant,
431 928 451 939 ne
461 922 543 939 fallacibus
555 922 636 943 capiantur
651 921 717 941 artibus,

188 948 222 965 ines
233 948 329 965 fraudulenti
343 953 394 965 veram
410 954 462 965 rerum
476 949 580 965 conditionem
596 948 612 964 in
626 953 656 969 qua
671 947 718 969 positi

187 974 210 991 bis
220 974 296 991 invertere
308 975 324 991 et
335 975 421 991 deformare
433 975 508 995 nituntur,
520 975 552 991 sive
564 974 632 991 celantes
640 974 717 990 acerbita-

188 1000 220 1017 sive
230 1000 320 1017 libertatem
328 1001 401 1017 Nostram
410 1001 507 1021 extollentes,
518 1001 534 1017 et
543 1001 636 1022 potestatem
647 1001 717 1016 nostram

187 1026 250 1043 *noxiam
261 1032 294 1043 esse
304 1027 408 1047 affirmantes,
423 1027 460 1044 dum
471 1032 506 1046 vere
517 1032 550 1043 rem
562 1027 611 1043 totam
624 1027 647 1043 sic
662 1026 716 1048 paucis

188 1057 279 1074 possumus:
295 1053 355 1070 scilicet
365 1053 450 1070 Ecclesiam
462 1053 491 1069 Dei
502 1053 518 1069 in
526 1052 578 1069 Italia*
588 1053 619 1069 vim
632 1053 648 1069 et
663 1057 715 1073 perse·
729 1070 732 1075 Γ

187 1079 226 1100 pati:
238 1079 297 1096 Christi
306 1079 379 1096 Vicarnm
390 1084 439 1101 neque
450 1079 529 1099 libertate,
540 1084 589 1100 neque
601 1079 673 1095 exercitio
685 1079 716 1100 pler

198 1109 235 1121 suae
246 1105 329 1126 potestatis
339 1105 375 1121 frui.

197 1135 221 1147 res
232 1131 260 1147 hoc
270 1131 303 1148 loco
315 1131 354 1151 sint,
364 1131 404 1148 nihil
415 1131 516 1153 opportunius
528 1131 604 1151 ducimus,
621 1131 660 1147 nihil
671 1131 716 1152 cupi-
