3158 4866
1188 26 1192 36 ¹
1247 46 1249 49 ,
1282 16 1320 67 'xlvv
1337 51 1341 60 ,Ἰ
1476 23 1513 55 “,.

1313 122 1318 131 ·
1350 124 1366 152 'e
1386 114 1415 134 ”¹

217 171 279 236 122
454 191 584 248 Recidere.
605 191 725 261 Copitcl
744 209 783 248 arc
801 191 950 262 Lembccp
968 193 1035 248 aad
1059 191 1223 260 Przcmpal.

211 361 427 430 incolumitate
450 363 593 442 solliciti,
625 365 716 448 prout
740 364 838 430 nostri
862 364 996 430 muueris
1025 363 1105 429 ratio
1135 363 1290 447 postulat,
1324 361 1454 426 libenter

51 469 82 536 ἐμ
212 489 249 534 ca
271 469 466 535 concedimus
489 469 582 558 atque
615 468 802 552 elargimur,
836 487 914 552 quae
937 468 976 533 ad
996 469 1109 534 bouum
1127 466 1336 532 Ecclesiasum
1357 465 1455 530 orien-

215 571 288 636 talis
319 572 417 652 rituS,
452 590 616 656 earumque
647 591 718 638 cum
748 571 808 637 bac
837 571 951 638 Sancta
981 571 1078 650 Scdc,
1112 569 1293 636 Catholicae
1327 569 1455 635 unitatis

214 678 337 754 centro,
368 674 613 759 conjunctionem
650 675 834 740 firmandam
865 675 1031 740 conducere
1060 673 1232 740 videantur.
1283 673 1357 742 Jam
1386 692 1456 738 vero

162 796 165 804 ’
214 780 363 864 superiori
394 779 516 843 saeculo
536 777 673 846 Ruthcni
695 777 864 843 Antistites
897 780 928 843 et
951 777 1058 844 Oleros
1081 776 1237 844 Ecclesiae
1259 776 1454 855 Halicieusis,

213 882 419 968 Leopoliensis
443 885 473 947 et
496 882 754 959 Kameuccensis,
779 882 817 948 ad
841 869 1113 966 Metropolitanum
1139 882 1328 966 dignitatem
1357 901 1377 946 a
1405 878 1455 948 fel.

185 973 187 982 ’
214 1007 275 1056 rec.
307 988 363 1054 Pio
393 988 465 1054 VII.
486 987 724 1053 Pracdecessore
755 987 868 1053 Nostro
903 988 1045 1065 evectae,
1081 1005 1137 1051 nco
1174 1005 1233 1052 uon
1263 985 1456 1052 Cathcdralis

214 1093 456 1171 Premislieusis,
481 1091 706 1158 Samboriensis
736 1094 768 1158 et
790 1093 985 1158 Sauocicnsis
1006 1111 1066 1157 non
1097 1091 1193 1157 semel
1216 1093 1253 1158 ab
1278 1092 1456 1176 Apostolica

215 1196 292 1262 Sede
315 1196 515 1281 flagitarunt,
547 1200 582 1262 ut
604 1196 807 1264 Sacerdotem
831 1197 1027 1283 Presbyteria
1058 1215 1114 1262 seu
1134 1196 1288 1282 Codegin,
1317 1215 1398 1280 quac
1427 1198 1455 1260 iu

25 1297 27 1302 ’
164 1391 166 1395 Ι
214 1301 362 1384 praelatis
384 1301 532 1366 Ecclesiis
558 1301 622 1366 sive
646 1303 678 1366 in
701 1302 797 1366 sacris
820 1303 997 1368 muneribus
1020 1299 1185 1380 obeundis,
1208 1301 1273 1366 sive
1295 1300 1327 1366 in
1349 1301 1457 1366 dococ-

214 1404 299 1470 sibus
321 1406 464 1499 regendis
484 1406 623 1472 sedulam
647 1407 805 1490 Episcopis
827 1426 950 1490 operam
973 1408 1108 1495 navant,
1139 1414 1277 1490 quaeque
1300 1425 1319 1470 a
1340 1383 1456 1472 Metro-

214 1509 360 1593 politauis
380 1510 526 1575 instituta
548 1512 580 1574 ct
602 1514 704 1578 crecta
726 1513 818 1595 atquc
842 1511 937 1576 ctiam
954 1511 1098 1594 Capitula
1121 1510 1244 1576 fueraut
1267 1511 1456 1594 nuncupata,

213 1612 395 1698 Apostolica
417 1614 613 1680 Auctoritatc
636 1616 864 1695 roborarentur,
887 1611 949 1700 quo'
970 1618 1001 1680 ct
1023 1615 1135 1700 majori
1158 1614 1266 1680 decore
1289 1615 1474 1698 fulgerent,

212 1719 244 1783 et
267 1719 367 1803 magis
379 1719 505 1786 stabilia
516 1722 548 1784 et
569 1739 638 1785 vero
655 1720 751 1784 etiam
773 1721 806 1786 in
821 1739 912 1786 evum
927 1717 1077 1786 duratura
1094 1719 1288 1785 acvadercut.
1320 1718 1455 1785 Vemm·

146 1862 148 1870 ·
213 1824 318 1890 tamon
339 1824 479 1907 pluribus
501 1825 672 1908 interjectis
695 1825 925 1909 impedimentis
948 1825 1013 1891 voti
1031 1827 1186 1908 compotes
1208 1824 1273 1890 fieri
1298 1842 1458 1907 uunquam
1559 1859 1560 1870 2

212 1929 389 2012 potueruut.
434 1929 608 1994 Novissime
631 1932 736 1996 tamen
759 1930 895 1996 Micbacl
915 1930 1089 2010 Cardinalis
1111 1927 1261 2007 Eewicki,
1297 1927 1457 2012 Metropo-

213 2032 272 2098 lita
294 2032 519 2116 Leopolicnsis,
542 2054 637 2118 coque
659 2035 802 2101 defuncto
831 2055 976 2119 praeseus
1005 2035 1142 2120 ejusdem
1166 2033 1321 2099 Ecclesiae
1343 2031 1459 2097 Archi·

170 2179 178 2202 .
214 2136 374 2221 episcopus
395 2138 610 2213 Litwiuouicz,
634 2139 771 2224 itemque
788 2157 932 2224 praesens
949 2139 1089 2218 Antiates
1106 2136 1343 2218 Premislicnsis‚
1370 2137 1454 2201 Tho·

215 2261 282 2307 mas
306 2241 473 2327 Polanski',
505 2261 658 2307 unacum
689 2242 850 2326 utriusque
880 2242 1037 2316 Ecclesiae
1071 2243 1151 2307 clero
1181 2243 1213 2306 et
1247 2240 1458 2325 dignitatibus

214 2346 345 2410 iteratas
367 2346 426 2411 bac
447 2365 538 2430 super
559 2365 593 2412 re
615 2365 720 2430 preces
743 2345 947 2412 exhibuerunt
970 2345 1051 2412 datis
1074 2345 1112 2410 ad
1136 2346 1201 2412 Nos
1223 2343 1363 2422 Litteris,
1390 2342 1459 2427 qui-

215 2451 273 2515 bus
296 2449 442 2514 nimirum
466 2450 552 2518 enixe
576 2450 779 2535 flagitabant,
810 2452 846 2515 ut
874 2451 904 2515 iu
929 2450 1025 2516 divini
1047 2450 1191 2515 Nominis
1214 2447 1364 2534 gloriam,
1395 2448 1457 2514 Ca-

213 2553 347 2620 tholicae
370 2553 526 2620 Ecclesiae
550 2555 767 2620 exaltationem
791 2555 985 2638 Sanctacque
1005 2554 1133 2620 Uuionis
1155 2552 1397 2639 amplitudinem
1421 2572 1457 2617 ac

215 2659 443 2724 firmamentum
467 2654 591 2723 illarum
607 2659 816 2724 Ecclesiarum
833 2659 981 2744 Collegiis
1001 2659 1179 2724 canonicam
1202 2656 1458 2742 approbationem

211 2762 321 2846 largiri
340 2763 555 2848 dignaremur3
591 2763 743 2848 simulque
757 2763 855 2828 Nobis
871 2763 1070 2856 exponebant,
1088 2765 1253 2848 utrumque
1271 2761 1457 2847 Collegium,

212 2867 491 2951 Archiepiscopalis
514 2867 632 2948 scilicet
656 2868 811 2933 Ecclesiae
833 2867 1051 2951 Leopolitanac
1075 2867 1391 2947 Graeco-Rutlrcnae,
1416 2869 1458 2931 ti·

214 2972 280 3036 tulo
310 2970 339 3036 S.
367 2970 492 3054 Georgii
517 2971 807 3057 Megalo-Martyris
841 2971 1005 3037 decoratae
1032 2973 1064 3036 ct
1093 2971 1290 3038 Cathcdralis
1316 2971 1456 3056 ejusdcm

212 3076 293 3140 ritus
315 3074 472 3140 Ecclesiae
484 3061 710 3140 P1·emisliensis
733 3077 789 3140 sub
813 3076 906 3141 titulo
919 3075 1104 3142 Natiuitatis
1123 3075 1153 3142 S.
1178 3075 1307 3142 Joanuis
1329 3077 1457 3160 Baptis-

122 3247 123 3250 ,
212 3183 274 3259 tac,
295 3179 429 3264 quinque
445 3183 585 3246 constare
601 3180 754 3246 Praelatis
777 3199 830 3245 seu
850 3180 1067 3266 dignit-atibus,
1092 3180 1245 3261 videlicet,
1269 3180 1455 3264 Archiprcs·

212 3286 320 3370 bytcro
343 3269 397 3350 seu
420 3285 615 3368 Praeposito,
640 3284 863 3352 archidiacono
894 3305 947 3351 seu
971 3286 1109 3364 Decauo,
1141 3284 1368 3368 Skcnophilacc
1401 3304 1454 3350 scu

213 3389 362 3470 Custode,
387 3389 585 3455 Scholiarcha
604 3408 659 3454 scu
682 3389 883 3480 Scholastico,
908 3389 1145 3473 Chartophilaoe
1175 3407 1230 3454 seu
1251 3388 1453 3466 Cancellaric,

212 3493 322 3576 quibus
345 3494 377 3559 in
399 3493 539 3558 Ecclesia
560 3494 762 3576 Leopolitana
781 3494 924 3578 quinque,
946 3496 1009 3559 tres
1033 3512 1103 3560 vero
1126 3495 1158 3558 iu
1174 3492 1387 3588 Eremisliensi
1403 3513 1454 3558 ac·

212 3587 325 3663 cedunt
349 3596 495 3663 Canonioi
518 3597 697 3682 gremiales,
728 3616 859 3682 quorum
882 3598 1020 3662 omnium
1042 3596 1261 3680 sustentationi
1284 3598 1362 3664 satis
1385 3617 1453 3682 pro·

173 3705 186 3736 '⁴
212 3703 313 3768 visum
335 3705 391 3769 est.
437 3702 623 3788 Nos'igitur
645 3703 868 3787 perpendentes
892 3698 1046 3768 Romanos
1069 3701 1245 3780 Pontifices,
1267 3702 1452 3768 Pracdeocs-

210 3826 294 3871 sores
316 3806 456 3886 Nostros,
479 3805 689 3872 Orientalibus
711 3807 749 3872 ad
774 3806 968 3873 Catholicam
996 3806 1151 3872 unitatem
1177 3806 1308 3871 reversis
1341 3806 1452 3872 nedum

209 3909 385 3988 indulsisse,
409 3912 445 3974 ut
467 3911 499 3974 in
521 3910 614 3976 avitis
637 3911 749 3976 ritibus
773 3913 803 3976 et
824 3910 1098 3976 consuetudinibus
1120 3929 1300 3993 permanere
1316 3912 1451 3992 possent,

210 4014 377 4080 dummodo
399 4014 525 4080 veritati
548 4035 584 4080 ac
612 4014 769 4081 doctrinae
800 4015 871 4080 fidei
896 4016 1068 4080 catholicae
1098 4013 1226 4079 minime
1254 4013 1452 4080 adversaren-

30 4183 31 4194 ,
114 4195 115 4198 Ἴ
210 4121 271 4198 tur,
293 4122 324 4184 et
348 4120 590 4186 communionem
613 4140 685 4185 cum
702 4119 842 4187 Ecclesia
868 4121 1006 4186 Romana
1030 4138 1089 4183 non
1112 4117 1319 4197 excluderent,
1344 4139 1449 4184 verum

210 4223 305 4289 ctiam
328 4243 379 4290 eas
394 4223 543 4289 honorum
566 4227 753 4290 accessiones
775 4225 883 4308 largiri
900 4245 959 4290 non
978 4223 1147 4302 dubitasse,
1172 4241 1251 4307 quas
1272 4223 1333 4307 ipsi
1345 4223 1451 4290 Orien·

209 4329 299 4406 tales,
324 4327 505 4412 praesertim
528 4329 582 4412 qui
603 4328 724 4394 Latinis
745 4329 880 4395 immixti
903 4315 1021 4407 vi'vuut,
1042 4327 1158 4411 pluries
1181 4328 1213 4392 et
1236 4327 1322 4394 enixe
1345 4328 1451 4411 postu·

209 4434 338 4513 lassent,
361 4433 568 4517 inspectisque
592 4434 712 4519 juribus
735 4455 771 4500 ac
787 4437 943 4503 rationum
963 4435 1138 4513 momentis
1162 4453 1240 4518 quae
1256 4431 1449 4508 allatasunt,
1559 4437 1560 4516 j

211 4540 303 4622 probe
324 4539 457 4618 libratis
480 4538 518 4604 dc
541 4538 668 4606 consilio
691 4539 922 4607 Venerabilium
937 4541 1081 4607 Fratrum
1104 4540 1298 4618 Nostrorum,
1321 4537 1353 4604 S.
1366 4539 1402 4605 R.
1415 4537 1448 4604 E.
1558 4572 1559 4579 κ
