3162 4882
362 189 440 260 Repe·
456 189 601 247 Bovario
613 188 671 261 jos
690 190 809 244 nomin.
829 189 873 244 ad
891 187 977 246 sedes
995 188 1166 259 episcopos.
1351 165 1392 236 83
1449 210 1451 216 π
1568 171 1569 204 ³

146 360 390 428 Eoolesiasiioas
412 380 559 446 personas
579 362 700 445 probas,
724 360 873 428 bonorum
891 361 1023 426 nominis
1046 361 1079 426 et
1092 361 1204 438 famae,
1226 372 1262 426 a‘o
1285 379 1394 428 seeun-

149 465 224 530 dum
247 483 402 531 saororum
428 465 604 546 lla-nonum,
627 465 660 532 et
682 465 813 532 Consilii
836 464 1012 530 Tridentini
1035 465 1238 531 Decreterum
1262 465 1392 550 disposi-

147 571 249 636 tiones
272 570 397 636 idoneas
421 557 459 636 ad
488 571 559 635 ooto
579 569 737 636 Eoolesias
757 569 860 654 Regni
882 568 1050 648 Bauariae,
1081 588 1189 652 nempe
1220 569 1258 635 ad
1281 570 1393 636 Mona·

148 695 283 754 oensem,
305 676 337 740 et
348 675 622 760 Bambergensem,
646 693 723 758 quas
738 693 793 758 per
810 673 887 739 alias
905 672 1101 757 Apostolioas
1118 673 1250 739 Nostrae
1270 674 1393 741 litteras

146 780 181 844 in
203 780 460 864 Metropolitanas
485 778 617 846 ereeturi
635 797 760 860 sumus,
794 777 833 844 ad
854 778 1131 872 Ratisbonensem,
1155 797 1269 861 quam,
1303 798 1393 863 prae·

147 885 201 950 uia
223 883 474 967 Metropolitioae
493 883 655 968 qualitatis
678 882 901 967 suppressione,
925 882 958 946 in
981 880 1200 948 Oathedralem
1229 882 1393 966 erigemus,

148 990 183 1054 et
214 988 254 1053 ad
287 988 489 1055 Oathedrales
529 989 602 1054 aotu
640 987 824 1067 existentes,
854 986 1091 1072 Augustanam,
1128 986 1393 1070 Herbipolensem,
1437 1005 1440 1012 ·

147 1093 401 1171 Passauiensem,
429 1092 711 1171 lliobstettensem,
733 1093 766 1158 et
789 1089 978 1175 spirensem,
1008 1091 1130 1175 quoties
1160 1108 1291 1176 eumque
1321 1091 1394 1157 illas

146 1197 377 1282 quovismodo,
401 1198 490 1264 etex
511 1215 774 1282 quorumcumque
798 1198 894 1263 etiam
917 1195 948 1264 S.
972 1196 1010 1261 R.
1030 1196 1066 1264 E.
1092 1195 1305 1262 Oardinalium
1323 1207 1394 1280 per-

145 1302 231 1368 sonis
253 1302 377 1368 etiamsi
395 1302 429 1366 in
451 1302 591 1368 Romana
610 1302 705 1368 Curia
728 1321 841 1368 uaoare
861 1301 1036 1386 eontigerit,
1060 1321 1114 1385 per
1129 1301 1204 1382 Nos,
1227 1302 1260 1366 et
1276 1301 1393 1367 Roma-

146 1426 204 1472 nos
225 1406 392 1472 Ponti-ficos
414 1405 610 1473 soccessores
625 1407 756 1473 Nostros
777 1406 961 1490 praedictos,
987 1405 1097 1472 iisdem
1113 1405 1262 1472 Euolesiis
1281 1406 1394 1471 Mena-

147 1511 244 1590 eensi,
270 1509 501 1594 Bambergensi,
525 1509 741 1595 Augustanae,
764 1509 999 1589 Ratisbonemi,
1023 1508 1251 1594 Herbipolensi,
1277 1511 1391 1575 Passa-

147 1615 267 1694 uiensi,
290 1613 529 1696 Eiehstettensi,
554 1616 586 1680 et
608 1613 762 1699 Spirensi,
785 1615 910 1694 etiamsi
932 1634 950 1680 a
972 1614 1130 1698 primaeva
1153 1634 1262 1680 earum
1281 1616 1394 1682 vacent

148 1721 316 1799 erectione,
339 1717 379 1784 ad
401 1718 654 1786 Nominationem
676 1717 855 1803 hujusmodi
877 1718 1099 1802 praefioiendas
1120 1720 1226 1785 tenore
1244 1738 1393 1803 praesen·

146 1825 232 1890 tium
254 1824 291 1890 de
314 1809 448 1907 speciali
461 1822 540 1888 dono
563 1823 684 1908 gratiae
705 1822 910 1902 oonoedimus,
935 1823 967 1888 et
989 1823 1202 1908 assignamus;
1237 1841 1303 1909 ‘quo
1323 1824 1393 1909 qui-

146 1929 223 1994 dem
245 1926 433 2006 nominandi,
456 1911 601 2006 Indulto‘,
625 1925 706 2012 quod
729 1926 801 1992 Tibi
822 1947 877 2011 per
899 1927 956 1992 has
978 1927 1109 1994 Nostrae
1131 1928 1254 1994 litteras
1275 1930 1391 2012 imper-

147 2033 259 2113 timur,
282 2031 330 2098 uti
352 2030 466 2115 possis,
488 2031 653 2115 postquam
683 2049 738 2114 per
772 2029 850 2095 alias
879 2030 1075 2114 Apostolioas
1105 2032 1237 2098 Nostrae
1267 2032 1391 2098 litteras
1499 2067 1503 2072 ·

147 2137 308 2204 dietamm
329 2139 397 2203 ooto
419 2136 628 2201 Eoelesiarum
651 2137 770 2201 statum
791 2135 924 2220 praeviis
945 2137 1134 2218 necessariis,
1159 2139 1191 2203 et
1213 2138 1393 2221 opportunis

147 2241 403 2327 derogationibus
425 2239 705 2324 immolaverimus,
723 2240 764 2304 'ao
787 2239 825 2304 ad
847 2239 979 2305 formam
1005 2241 1110 2306 teoum
1132 2240 1230 2306 initae
1253 2240 1392 2308 Conven-

147 2346 246 2413 tionis
268 2343 530 2412 eonstituerimus.

255 2449 461 2516 Deoementes
484 2448 661 2532 praesentes
683 2447 817 2528 litteras,
842 2449 873 2514 et
896 2448 928 2514 iu
951 2449 995 2515 eis
1011 2450 1155 2516 oonteuta
1170 2444 1391 2534 quaecumque,

147 2555 237 2621 nullo
259 2572 394 2638 unquam
415 2555 553 2636 tempore
576 2551 613 2618 de
633 2550 837 2636 subreptionis
858 2553 908 2618 vel
930 2553 1119 2638 obreptionis
1149 2555 1204 2619 aut
1234 2554 1392 2621 nullitatis
1494 2598 1495 2601 =

146 2659 238 2739 vitio,
262 2677 316 2724 seu
336 2643 516 2724 intentionis
539 2656 672 2722 Nostrae
699 2655 823 2721 defeotu
845 2657 966 2736 notari,
999 2658 1055 2723 aut
1083 2657 1260 2742 impugnari
1291 2678 1391 2743 posse,

145 2763 206 2830 sed
227 2781 346 2846 semper
367 2760 473 2825 firmas
497 2760 529 2824 et
551 2759 691 2824 effioaoes
714 2758 843 2826 existere
867 2760 898 2826 et
920 2759 1002 2840 lore,
1032 2779 1162 2846 suosque
1184 2762 1338 2846 plenarios
1361 2766 1393 2832 et

144 2869 289 2951 integros
311 2856 566 2932 effeetuslsortiri
588 2863 621 2928 et
643 2863 790 2944 obtinere,
813 2864 847 2929 et
868 2863 906 2929 ab
928 2864 1071 2931 omnibus
1101 2865 1141 2930 ad
1164 2885 1238 2949 quos
1268 2870 1394 2954 speetat
1515 2906 1519 2913 -

144 2971 374 3038 inuiolabiliter
398 2967 553 3035 observari
576 2966 697 3035 debere.

253 3076 324 3142 Non
347 3073 542 3141 obstantibus
563 3071 764 3156 Apostoliois,
787 3091 824 3138 ao
844 3073 876 3137 in
894 3071 1111 3158 Synodalibus
1128 3075 1390 3160 *Proviuoialibus

144 3179 444 3263 Universalibusque
467 3175 747 3245 Constitutiouibus
769 3178 801 3242 et
823 3175 1080 3244 Ordinationibus
1099 3180 1297 3264 Apostoliois,
1321 3202 1391 3250 oae-

146 3286 290 3370 terisqne
313 3281 475 3349 contrariis
496 3280 607 3365 quibus
628 3299 768 3365 eumque.

253 3388 344 3455 Nulli
366 3406 440 3472 ergo
460 3386 584 3452 omnino
606 3385 766 3461 homiuum
785 3385 879 3452 lioeat
902 3387 982 3452 hane
1003 3388 1151 3473 pagiuam
1166 3389 1298 3457 Nostrae
1312 3390 1392 3458 Con-

145 3493 306 3574 cessionis‚
328 3490 457 3572 Indulti,
478 3489 603 3556 Deereti
626 3490 861 3575 Derogatiouis,
885 3509 920 3556 ao
943 3492 1123 3559 Voluntatis
1145 3494 1324 3580 infringere,
1346 3497 1390 3562 ei-

144 3619 210 3686 que
232 3617 309 3664 ausu
331 3596 496 3663 temeraria
518 3595 677 3678 contraire,
703 3596 730 3662 si
749 3596 818 3680 quis
831 3597 936 3662 autem
959 3599 1017 3664 hoo
1039 3601 1196 3666 attentare
1212 3620 1392 3687 praesump-

145 3704 242 3786 serit,
271 3702 518 3788 indignationem
550 3699 770 3793 omnipotentis
794 3701 861 3782 Dei,
886 3721 923 3768 ao
948 3703 1115 3770 Beatorum
1137 3705 1224 3770 Petri
1241 3707 1274 3772 et
1295 3707 1389 3773 Pauli

145 3808 370 3894 Apostolomm
394 3805 462 3890 ejus
484 3824 517 3871 se
540 3805 660 3871 nouerit
683 3804 888 3872 incursurum.

253 3911 372 3977 Datum
393 3911 509 3976 Romae
531 3910 613 3993 apud
635 3909 782 3979 seueram
804 3910 936 3978 Mariam
955 3912 1110 3996 Majorum
1131 3914 1220 3982 Anno
1243 3917 1392 3983 Inearna-

143 4017 243 4085 tionis
257 4013 437 4081 Dominioae
459 4014 624 4080 millesimo
646 4015 902 4100 octingentesimo
925 4016 1194 4102 decimoseptimo
1218 4017 1282 4108 [13.
1297 4023 1390 4106 Nou]

144 4123 258 4190 Idibus
280 4118 477 4197 Nouembris,
499 4117 703 4184 Pontificatus
725 4121 824 4186 nostri
847 4122 935 4186 Anno
959 4121 1078 4187 decimo
1101 4124 1219 4191 octauo.

473 4222 515 4292 A.
537 4222 635 4290 Gord.
659 4222 914 4293 Pro-Deterior.
938 4226 982 4292 Η.
1007 4225 1105 4294 Oord.
1130 4227 1287 4296 Ooosalee‘.

626 4327 701 4394 Visa
724 4328 763 4394 de
784 4328 878 4396 Curia
901 4329 943 4398 D.
967 4331 1061 4399 Teste

358 4413 442 4478 Looo
485 4411 622 4481 lemde'.
1037 4419 1075 4485 F.
1099 4419 1321 4487 Loee‘aeure‘us.

1215 4625 1264 4691 6*
