3162 4882
192 245 234 312 86
268 285 270 290 ·
301 263 422 319 Neaera
443 262 569 318 &losse
587 263 640 318 des
658 262 788 331 Papstcs
805 263 872 318 und
891 263 947 318 der
959 261 1160 331 papstlr'cden
1176 261 1352 322 seuerum.
1456 314 1462 322 .

193 435 340 501 miseram
363 434 569 502 conditionem
593 436 696 500 essent
725 435 877 519 prolapsa.
928 433 1010 500 Hinc
1031 434 1098 500 Nos
1119 433 1299 518 Apostolico
1321 436 1437 503 Nostro
1541 515 1542 518 Ἴ

193 559 318 605 munere
342 540 503 621 admoniti,
526 542 558 606 et
580 540 709 624 paterna
732 540 864 607 caritate
886 536 1066 623 impellente
1089 557 1150 624 qua
1171 539 1264 605 istam
1280 539 1439 608 Dominici

192 645 299 731 gregis
320 645 441 728 partem
463 645 691 730 prosequimur,
713 644 788 710 huic
810 645 895 711 malo
914 643 1138 710 occurrendum
1160 663 1227 710 esse
1249 642 1436 710 incunctan-

191 751 240 816 ter
262 747 521 830 existimavimus,
557 767 595 815 ac
615 747 716 815 literis
738 748 821 815 datis
840 747 891 814 die
913 749 965 816 29.
995 746 1074 833 Maji
1099 766 1179 814 anuo
1209 747 1293 813 1873
1317 748 1358 814 ad
1380 749 1437 830 Te,
1541 759 1542 838 ζ

195 850 386 919 Venerabilis
408 852 518 917 Frater
541 851 735 932 Olindensis,
760 852 892 918 Nostrae
915 851 1013 917 Voces
1035 851 1143 917 contra
1165 842 1245 917 hanc
1267 851 1436 936 deploran-

170 955 266 1024 ¹dam
288 957 513 1043 perversionem
535 957 569 1022 in
589 955 785 1022 Christianus
808 956 993 1022 sodalitates
1016 953 1173 1022 invectam
1196 955 1375 1038 extulimus,
1398 977 1439 1024 ea

190 1064 298 1129 tamen
319 1061 459 1127 lenitatis
478 1061 510 1126 ot
531 1060 713 1127 clementiae
735 1061 854 1128 ratione
871 1080 947 1146 erga
967 1060 1111 1144 deceptos
1130 1061 1163 1126 et
1183 1060 1292 1127 illusos
1315 1081 1439 1128 masso-

191 1167 280 1232 nicae
302 1166 405 1232 sectae
429 1165 561 1232 asseclas
584 1164 736 1244 adbibita,
758 1166 796 1231 ut
810 1166 849 1231 ad
871 1184 1041 1250 congruum
1056 1165 1179 1248 tempus
1194 1166 1439 1233 reservationem

192 1288 392 1336 censurarum
414 1268 446 1334 in
468 1287 546 1353 quas
567 1268 628 1352 ipsi
649 1267 824 1335 inciderant
845 1269 1112 1353 suspenderemus,
1134 1270 1168 1334 in
1190 1289 1259 1336 eum
1282 1271 1377 1338 finem
1399 1273 1438 1338 ut

191 1375 309 1441 Nostra
330 1373 525 1459 benignitate
546 1375 708 1440 uterentur
730 1375 770 1440 ad
786 1374 985 1441 detestandos
1001 1393 1118 1441 errores
1133 1393 1213 1458 suos,
1236 1376 1268 1442 et
1290 1376 1330 1442 ad
1346 1376 1439 1442 dam-

192 1480 297 1559 natos,
320 1497 397 1562 quos
419 1477 574 1545 iniverunt
595 1479 710 1558 coetus,
733 1478 928 1545 deserendos.
980 1478 1199 1547 Mandavimns
1227 1479 1353 1565 insuper
1376 1480 1439 1548 tibi

192 1582 385 1651 Venerabilis
407 1584 517 1649 Frater
539 1582 725 1663 Olindensis,
750 1584 786 1649 ut
807 1584 1010 1668 eotemporis
1033 1584 1134 1667 spatio
1165 1584 1268 1668 elapso
1291 1583 1352 1652 nisi
1375 1585 1439 1669 ipsi

193 1687 410 1776 resipuissent,
433 1687 607 1771 praedictas
630 1687 813 1755 sodalitates
835 1688 1042 1773 supprimerer
1072 1707 1109 1754 ac
1128 1707 1307 1773 suppressas
1329 1689 1441 1757 decla-

193 1809 288 1872 rares,
312 1810 425 1876 easque
449 1791 535 1858 novis
555 1792 645 1858 sociis
668 1793 833 1878 adscriptis
859 1793 897 1859 ab
921 1793 1006 1859 omui
1026 1793 1200 1859 massouica
1220 1793 1292 1860 labe
1320 1793 1440 1860 immu-

194 1895 295 1977 nibus,
317 1895 406 1979 juxta
427 1913 501 1962 suae
524 1895 652 1982 originis
673 1898 826 1964 rationem
843 1896 880 1962 de
902 1894 1024 1982 integro
1039 1896 1229 1962 restitueres.
1267 1897 1440 1965 Praeterea

190 2019 261 2064 cum
283 1998 348 2064 Nos
369 1999 403 2064 in
425 1999 580 2084 encyclica
602 2000 732 2084 epistola
752 1999 792 2066 ad
815 1999 961 2066 catholici
990 1998 1073 2065 orbis
1092 1999 1249 2083 episcopos
1278 1999 1354 2067 data
1383 2001 1438 2068 die

194 2103 222 2170 1.
246 2102 432 2170 Novembris
454 2122 533 2168 anno
557 2103 640 2168 1873
664 2104 771 2169 fideles
794 2123 899 2170 omnes
913 2103 1277 2170 adversusseetariorum
1300 2106 1383 2170 artes
1403 2107 1440 2171 et

190 2206 319 2274 insidias
341 2227 395 2292 pro
417 2226 542 2274 munere
562 2197 677 2274 Nostro
700 2208 820 2276 munire
846 2208 1060 2288 studeremus,
1082 2207 1187 2292 palam
1210 2227 1247 2275 sa
1276 2208 1440 2276 occasione

190 2312 366 2401 pontificias
388 2312 623 2378 constitutiones
646 2314 753 2379 contra
774 2332 886 2398 pravas
909 2313 1073 2379 societates
1103 2312 1305 2378 sectariorum
1333 2312 1439 2380 editas

191 2417 226 2482 in
248 2417 429 2484 memoriam
453 2416 592 2482 fidebam
615 2417 835 2498 revocavimus,
859 2417 952 2502 atque
976 2416 1126 2484 ediximus
1148 2415 1187 2482 iis
1201 2415 1440 2482 constitutioni-

192 2522 251 2587 bus
274 2540 335 2588 uon
355 2541 431 2588 unos
453 2521 579 2606 percelli
602 2523 789 2589 massonicos
811 2524 916 2589 coetus
938 2522 971 2588 in
998 2523 1124 2606 Europa
1148 2520 1353 2601 constitutos,
1377 2522 1438 2586 sed

192 2645 297 2694 omnes
319 2627 471 2711 quotquot
493 2627 526 2692 in
552 2626 697 2694 America
728 2627 859 2713 aliisque
891 2627 989 2694 totius
1020 2627 1102 2694 orbis
1132 2626 1235 2712 plagis
1265 2627 1436 2696 habentur.

190 2730 273 2796 Hinc
294 2730 360 2797 Nos
378 2750 437 2796 non
461 2731 618 2814 potuimus
642 2751 703 2798 non
722 2733 922 2799 vehementer
942 2732 1059 2812 mirari,
1081 2730 1279 2798 venerabiles
1294 2731 1436 2814 Fratres

191 2834 282 2919 quod,
305 2854 375 2900 eum
398 2835 585 2902 auctoritaie
608 2836 741 2916 Nostra,
769 2837 803 2904 et
825 2837 961 2903 consiliis
984 2836 1156 2902 errantium
1179 2835 1314 2901 salutem
1343 2854 1437 2919 spec-

190 2938 331 3004 tantibus
352 2939 521 3005 interdieta
542 2940 665 3007 sublata
683 2942 808 3020 esseut,
844 2942 956 3027 quibus
977 2941 1009 3007 in
1028 2941 1090 3007 ista
1112 2940 1236 3025 regione
1267 2939 1436 3006 nonnullae

190 3025 347 3109 Ecclesiae
380 3044 413 3109 et
438 3043 584 3110 sodalitia
610 3065 647 3113 ex
666 3045 847 3112 massonieis
870 3046 997 3113 asseclis
1020 3046 1085 3111 late
1108 3044 1257 3124 conflata,
1288 3044 1436 3128 subjecta

190 3147 322 3226 fueram,
346 3165 382 3212 ox
403 3147 461 3213 hoc
482 3151 600 3215 occasio
623 3152 714 3234 capte
734 3150 830 3216 luerit
851 3150 884 3216 in
907 3151 1018 3236 vulgus
1043 3148 1264 3218 disseminandi
1279 3149 1436 3214 massoni-

190 3269 259 3316 cam
281 3250 465 3318 societatem
487 3251 520 3316 in
542 3251 612 3318 istis
634 3253 737 3338 plagis
758 3253 978 3322 consistentem
1002 3254 1241 3338 apostolicarum
1256 3253 1435 3320 damnatio-

190 3374 264 3421 num
289 3357 440 3422 exsortem
463 3375 546 3437 esse,
569 3377 605 3424 ac
627 3358 753 3442 proinde
775 3359 898 3425 eosdem
921 3360 1067 3425 sectarios
1086 3361 1156 3425 tuto
1187 3345 1276 3443 posse
1305 3359 1337 3423 in
1364 3358 1435 3443 pio-

77 3441 82 3518 s
189 3461 520 3546 rumcbristianorum
542 3462 761 3528 sodalitatibus
784 3465 905 3547 partem
929 3463 1052 3530 habere.
1098 3463 1158 3530 Sed
1180 3464 1332 3548 quantum
1355 3463 1435 3531 baec

108 4769 151 4843 e

190 3583 208 3631 a
229 3565 362 3631 veritate
385 3566 418 3632 et
439 3584 459 3632 a
480 3566 588 3634 Nostri
608 3568 705 3634 animi
728 3568 885 3636 sententia
907 3568 1068 3649 aberrent,
1090 3569 1123 3634 id
1143 3569 1249 3653 aperte
1272 3568 1436 3635 declarant

13 3651 42 3718 ’ΨΚ
93 3693 94 3696 “
190 3671 314 3736 tumea
337 3671 424 3751 acta,
446 3689 524 3755 quae
547 3673 688 3756 superius
712 3673 971 3754 memoravimus,
1004 3675 1073 3740 tum
1095 3674 1225 3759 epistola
1247 3673 1315 3758 ipsa
1337 3693 1433 3757 quam

188 3773 227 3839 ad
239 3773 475 3841 Serenasimum
487 3777 709 3860 Imperatorem
721 3777 813 3844 istius
827 3779 962 3864 regionis
975 3777 1152 3863 scripsimus
1165 3778 1214 3843 dio
1226 3779 1255 3846 9.
1269 3777 1433 3844 Februarii

193 3877 292 3960 1875,
322 3878 354 3944 in
377 3879 539 3970 quadum
569 3881 788 3962 interdictum,
819 3884 900 3968 quod
929 3883 1090 3950 nonnullas
1115 3883 1269 3948 Ecclesias
1298 3883 1434 3949 istarum

188 3982 374 4050 dioecesium
396 3983 564 4066 afficiebat,
585 3988 763 4053 revocatum
785 3987 826 4053 iri
848 3987 1080 4072 spondebamus,
1103 3987 1156 4055 ubi
1176 4006 1238 4067 vos,
1262 3985 1433 4053 Venerabi-

186 4088 233 4153 les
255 4087 380 4153 Fratres
403 4089 546 4156 Paronsis
569 4091 601 4155 ot
624 4090 800 4159 Olindensis
820 4090 937 4176 injusto
960 4110 1080 4158 carcere
1101 4091 1220 4157 detenti
1242 4091 1276 4156 in
1297 4092 1432 4157 liberta-

186 4191 249 4256 tem
273 4191 382 4258 essetis
402 4193 553 4274 restituti,
577 4207 647 4261 eam
669 4199 776 4262 tamen
797 4197 1035 4263 reservationem
1059 4197 1091 4263 et
1113 4195 1320 4262 conditionem
1344 4196 1433 4282 adje-

186 4296 294 4376 cimus,
318 4298 354 4362 ut
376 4298 495 4365 scilicet
516 4301 681 4367 massonici
704 4291 839 4368 asseclae
862 4303 901 4368 ab
925 4301 1035 4369 officiis
1058 4322 1136 4388 quae
1158 4302 1191 4367 in
1206 4301 1360 4368 sodalitiis
1376 4321 1434 4387 ge-

186 4399 301 4480 rerent,
325 4405 601 4472 summoveruntur.
647 4405 733 4487 Quae
755 4407 836 4472 ratio
858 4407 1069 4491 providentiae
1092 4407 1226 4472 Nostrae
1255 4424 1316 4471 non
1345 4404 1433 4472 aliud

189 4503 300 4569 habuit
322 4525 420 4590 noque
443 4506 557 4574 habere
579 4510 683 4592 potnit
697 4511 898 4596 propositum,
921 4511 981 4576 nisi
1003 4511 1039 4576 ut
1054 4511 1256 4595 Imperatoris
1277 4510 1358 4604 votis
1373 4509 1434 4577 bac

189 4627 224 4672 ex
247 4609 335 4692 parte
358 4611 498 4696 expletis,
522 4632 558 4678 ac
580 4614 810 4700 tranquillitate
833 4616 1004 4681 animorum
1025 4615 1184 4696 revocata,
1215 4615 1431 4700 opportunita-
