3162 4882
4 813 52 928 553
191 877 326 960 teucro
353 877 495 959 Erlasse
531 877 596 958 des
623 875 774 979 Papslee
809 878 875 958 und
901 878 966 959 der
1001 879 1217 981 ptpstliclnen
1245 877 1439 962 Beltrdeu.
1575 811 1576 880 T

36 1019 40 1026 ¹
84 1107 91 1114 .
189 1067 219 1128 1.
242 1061 443 1145 Responsum
464 1083 490 1129 s.
505 1061 625 1128 Pococ‘t.
648 1062 679 1129 d.
703 1065 733 1128 5.
747 1061 824 1128 Dec.
848 1066 937 1128 1873
959 1063 997 1128 de
1015 1067 1166 1145 potestate
1188 1063 1370 1128 obcotocudi
1401 1065 1439 1129 tu

333 1167 459 1234 casibus
476 1166 649 1249 papatibus
665 1167 826 1248 praetatis
847 1166 1046 1250 reputoribus
1066 1188 1130 1233 uoo
1151 1186 1304 1234 concesso.

4 1357 7 1360 .
25 1373 28 1380 .
296 1302 434 1370 Dubium
457 1302 487 1371 S.
502 1290 763 1371 Poenitentiariae
778 1305 968 1389 propositum
993 1304 1071 1370 luit:
1106 1303 1156 1394 An
1180 1303 1318 1370 Praelati
1340 1324 1439 1390 regu-

9 1421 63 1486 54
100 1399 104 1412 ‘
188 1409 267 1472 lares
297 1410 367 1492 post
397 1409 652 1476 consttutionem
671 1409 867 1494 Apostolicee
889 1408 977 1474 Sedis
1006 1409 1119 1474 iisdem
1150 1408 1323 1492 privilegiis
1349 1429 1435 1494 gau-

187 1513 282 1578 deant
308 1514 420 1598 quibus
444 1515 552 1596 antea,
576 1513 608 1580 id
628 1516 678 1581 est
698 1515 819 1599 possint
836 1532 930 1579 necne
952 1531 1024 1578 euos
1052 1513 1192 1578 subditos
1225 1513 1384 1579 absolvere
1417 1533 1437 1579 a
1574 1516 1575 1521 ’

124 1669 125 1672 .
189 1619 311 1683 casibus
333 1619 496 1702 papalibus
519 1619 552 1682 in
574 1618 901 1685 dicte‘oonstitutioue
922 1617 1106 1702 simpliciter
1123 1619 1315 1684 reservatis?

294 1723 363 1790 Sao.
380 1724 473 1789 Poen.
498 1722 547 1787 die
570 1723 601 1789 5.
625 1721 805 1788 Decembris
827 1722 912 1786 1873
934 1715 1112 1805 respondit:
1146 1721 1312 1804 Nepottce,
1334 1722 1436 1788 salvis

185 1827 249 1892 illis
275 1827 499 1906 facultatibus,
536 1845 614 1909 quae
643 1827 828 1911 promanant
859 1845 895 1892 ex
927 1824 1085 1909 rescriptis
1116 1825 1358 1909 particularibus
1392 1827 1436 1892 ad

185 1933 307 2016 tempus
330 1930 494 1997 concessis.

19 2097 23 2188 ⁴,
185 2109 219 2170 2.
244 2101 369 2170 Decrct.
390 2103 423 2170 S.
442 2102 479 2170 U.
495 2103 620 2210 quuc's.
642 2103 674 2168 ot.
698 2104 729 2170 8.
744 2101 836 2192 «Ῑαῑὸὁ,
852 2105 940 2170 1874
954 2103 994 2170 de
1007 2103 1249 2187 usurpatoribus
1261 2111 1352 2188 utque
1365 2127 1434 2172 em-

367 2279 375 2292 „
508 2209 628 2312 toribus
649 2208 802 2276 docorum
825 2208 1114 2276 ecclesiasticorum.
1231 2272 1235 2281 ,

238 2367 296 2431 EX
317 2365 348 2432 S.
373 2365 733 2460 coucuucnmouu
755 2365 1036 2434 UNIVERSALIS
1056 2365 1369 2446 INQUISITIONIS.

744 2503 864 2574 Dubio.

291 2645 360 2710 Em.
384 2644 547 2728 Philippus
564 2643 737 2730 Deangelis
759 2643 791 2712 S.
815 2645 854 2712 R.
876 2646 911 2709 ll.
929 2645 1088 2730 presbyter
1104 2643 1187 2709 card.
1211 2644 1244 2709 ct
1267 2643 1433 2728 episcopus

182 2749 347 2814 Firmanus
370 2749 532 2833 sequentia
555 2746 651 2814 dubia
672 2747 704 2817 S.
726 2749 766 2818 U.
790 2750 817 2816 Ι.
842 2748 937 2834 (teng.
957 2745 1125 2832 proposuit.

288 2855 316 2921 1.
340 2855 410 2938 Qua
430 2854 520 2937 parte
542 2852 744 2921 Tridentinae
772 2845 919 2921 censurae
950 2854 1089 2922 aconst.
1113 2853 1310 2938 Apostolicae
1331 2851 1428 2920 Sedis

183 2959 383 3026 confirmatae
403 2958 503 3023 adhuc
518 2958 669 3042 vigeant?
702 2959 791 3041 Quod
813 2959 896 3025 idem
920 2960 969 3025 est
991 2977 1027 3026 ac
1041 2977 1204 3043 quaerere:
1241 2977 1281 3024 eu
1294 2977 1431 3042 peccans

62 3079 64 3082 ·
181 3063 215 3128 in
236 3063 377 3143 materia,
400 3079 493 3145 quem
516 3063 548 3127 et
571 3060 751 3128 const'tutio
774 3063 971 3146 Apostolioae
994 3061 1092 3142 Sedis,
1116 3063 1149 3127 et
1163 3060 1254 3129 Ocno.
1273 3061 1358 3130 Trid.
1375 3064 1433 3128 at-

139 3239 147 3250 „
180 3168 319 3252 tingunt,
342 3166 375 3230 in
390 3165 544 3250 duplicem
559 3167 904 3232 excommunicationem
930 3166 1058 3246 incidet,
1081 3167 1213 3232 alteram
1228 3166 1323 3258 Rom.
1344 3166 1432 3233 Pon-

179 3270 257 3336 tifici
281 3269 458 3355 specialiter
471 3269 662 3336 reservatam
675 3270 707 3336 vi
722 3269 919 3354 supradictae
938 3270 1179 3350 constitutionis,
1202 3270 1334 3336 alteram
1349 3273 1431 3338 sim-

32 3429 33 3432 ,
179 3374 302 3459 pliciter
324 3374 513 3440 reservatam
527 3373 558 3437 xi
574 3372 666 3456 (lonc.
689 3372 798 3443 Pridt
831 3374 873 3439 et
895 3373 1021 3458 proinde
1042 3393 1082 3440 an
1104 3376 1303 3457 usurpatores
1325 3375 1428 3440 bono-

39 3523 40 3526 *
99 3517 100 3520 =
163 3483 248 3546 ¹rum
267 3478 556 3546 Ecclesiasticcrum
579 3477 696 3562 duplici
718 3478 906 3545 innodentur
929 3479 1269 3546 excommunicatione?

282 3585 312 3653 2.
334 3585 386 3650 fin
408 3584 462 3668 qui
485 3584 590 3650 emant
613 3583 825 3650 ecclesiastica
846 3584 928 3648 bone
950 3584 988 3650 ab
1011 3583 1245 3668 usurpatoribus
1274 3583 1429 3666 usurpata

43 3769 44 3772 Ἴ
178 3687 317 3754 incidant
340 3689 373 3753 in
395 3688 741 3756 excommunicationem
763 3689 902 3754 Romano
924 3688 1069 3754 Pontifici
1091 3687 1266 3771 specialiter
1281 3706 1426 3754 reserva-

60 3835 62 3840 ·
176 3792 245 3855 tam
264 3791 443 3858 ri'articnli
466 3791 522 3860 XI.
545 3793 735 3858 memoratae
757 3790 1017 3859 constitutionis?
1158 3838 1161 3841 -

281 3897 312 3960 3.
334 3897 385 3960 An
413 3896 527 3974 saltem
555 3897 589 3962 in
622 3896 968 3976 excommunicationem
998 3896 1088 3963 Rom.
1122 3894 1268 3962 Pontifici
1298 3893 1425 3978 simpli-

178 4000 256 4064 citer
277 3999 469 4066 reservatam
491 4000 521 4067 vi
547 4019 613 4086 cap.
635 4000 691 4066 XI.
714 4000 761 4066 De
781 4001 849 4069 Rei.
873 4019 947 4069 sess.
971 4000 1044 4068 ΧΠ.
1076 3999 1210 4066 aConc.
1234 3999 1320 4066 Trid.
1354 3998 1426 4064 edi-

127 4159 128 4162 ,
178 4104 271 4169 tami

280 4206 310 4273 S.
333 4205 371 4273 U.
394 4207 420 4273 L
442 4205 554 4294 Congu
578 4208 626 4274 die
648 4209 679 4276 8.
703 4208 784 4275 Julii
806 4209 890 4275 1874
913 4208 1090 4293 respoudit:
1145 4233 1148 4248 ¹

280 4310 332 4376 Ad
359 4311 385 4380 I.
414 4313 572 4396 Nepoto'oe.
629 4314 783 4380 Videlicet
812 4314 1012 4397 usurpatores
1045 4312 1194 4378 bonorum
1226 4311 1421 4378 ecelesiasti-

176 4433 282 4482 corum
310 4415 451 4482 innodari
480 4418 546 4484 sola
572 4416 886 4484 excommunicatione
914 4418 951 4484 R.
982 4416 1127 4483 Pontifici
1156 4416 1333 4500 specialiter
1368 4435 1423 4482 re-

176 4521 310 4587 servata.

100 4829 219 4836 ψ.
