3158 4866
379 190 508 242 liutheri.
528 185 651 254 Uopisci
671 203 709 238 aaa
726 186 876 254 Lemdevp
895 187 961 239 aad
979 186 1147 252 Pru-empse.
1319 167 1380 228 125

136 365 252 429 Divino
277 364 397 438 vacant,
420 359 588 443 peculiaria
610 377 645 422 ac
668 357 789 442 propria
813 357 1004 421 decernimus
1024 345 1211 432 ornamenta,
1236 357 1262 420 si
1284 357 1381 422 alieu-

134 470 189 551 jus
213 467 360 530 momenti
383 465 519 528 rationes
542 463 573 525 id
597 463 724 526 suadere
747 453 921 526 videantur.
960 459 1036 524 Ounr
1060 459 1165 544 itaque
1187 461 1382 525 Venerabilis

138 572 251 635 Frater
273 569 425 651 Josepbps
446 565 588 632 Sambrat
591 567 708 646 ovicu,
717 563 975 732 tAarcbiepiscopus
998 565 1224 647 Leopoliensis,
1249 563 1381 629 Graeco-

138 779 218 842 liciis
257 777 364 859 pileolo
399 775 532 838 demisso
573 776 605 840 et
639 773 770 838 rotundo
809 772 936 838 violacei
959 672 1098 852 tceleria,
1144 793 1213 836 curn
1248 773 1383 837 violacea

140 883 284 966 crucc¹),
318 877 549 960 Metropolitaui
581 877 630 944 sui
658 877 795 960 Capituli
825 875 1013 954 (lanorricis,
1046 824 1124 962 uig'ri
1170 896 1240 942 vero
1273 876 1382 944 coloris

140 987 256 1052 Curato
286 983 423 1068 ejusdem
451 981 646 1061 Oatbedralis
678 981 833 1046 Ecclesiae
858 981 967 1062 (llere,
1003 979 1041 1044 ad
1075 981 1227 1046 cavendos
1250 983 1382 1059 merbec,

140 1095 174 1156 et
201 1091 262 1154 alia
285 1085 469 1152 removenda
495 1085 705 1164 incommoda,
734 1105 812 1168 quae
835 1105 874 1149 ex
906 1085 985 1150 aeris
1013 1085 1228 1164 inclementia,
1253 1087 1284 1150 et
1311 1087 1383 1152 bru-

142 1215 212 1260 mae
236 1195 339 1276 vigore
363 1191 505 1257 obvenire
528 1190 644 1254 ibidem
668 1189 777 1268 solent,
800 1189 866 1254 Nos
880 1191 1001 1254 mature
1018 1209 1051 1254 re
1074 1189 1298 1256 communicata
1313 1210 1383 1256 curn
1429 1229 1455 1260 '.

143 1297 380 1365 Venerabilibus
401 1285 562 1380 Fratribus
579 1295 701 1360 Nostris
716 1293 848 1358 Sanctae
871 1293 1026 1358 Ecclesiae
1040 1293 1195 1360 Romanae
1209 1293 1383 1362 Cardinali-

140 1405 212 1479 bus,
236 1401 491 1484 Congregationis
509 1399 734 1483 Propagaudae
756 1399 843 1462 Fidei
866 1418 919 1481 pro
942 1399 1075 1482 negotiis
1098 1400 1190 1464 Ritus
1207 1399 1383 1479 Orientalis,

142 1503 512 1588 memoratiVenerabilis
527 1504 645 1568 Fratris
657 1503 784 1586 Josepbi
808 1503 886 1567 votis
909 1504 1104 1568 annuendum
1129 1505 1382 1574 existimavimus.

143 1612 231 1693 Quae
253 1631 324 1675 curn
347 1610 392 1672 ita
415 1608 487 1686 siut,
511 1608 642 1690 singulis
666 1611 759 1690 atque
783 1608 942 1686 universis,
965 1608 1076 1690 quibus
1097 1609 1229 1674 Nostrae
1252 1610 1310 1674 hae
1327 1609 1384 1674 ‘Li-

142 1721 231 1782 terae
250 1717 372 1794 favent,
401 1717 439 1780 ab
467 1716 626 1798 quibusvis
651 1714 975 1789 excommunicationis
999 1715 1030 1778 et
1050 1715 1226 1792 interdicti,
1255 1717 1385 1799 aliisque

143 1820 362 1895 ecclesiasticis
386 1820 532 1898 censorie,
556 1805 738 1898 iententiiS,
762 1821 794 1882 et
813 1818 919 1901 poeuis
939 1819 1174 1902 quovismodo,
1205 1820 1254 1885 vel
1277 1814 1386 1904 quav‘is

143 1926 184 1989 de
207 1943 300 1989 causa
322 1924 406 2001 latis,
429 1925 455 1988 si
479 1943 554 2006 quas
570 1924 649 1988 forte
666 1923 862 2002 incurrerint,
886 1923 977 2006 hujus
1000 1926 1123 1988 tanturn
1146 1924 1191 2008 rei
1211 1926 1315 2008 gratia
1330 1926 1385 1990 ab·

143 2029 310 2108 solventes,
334 2033 366 2092 et
381 2029 537 2094 absolutos
553 2029 616 2093 iore
633 2029 799 2108 censentes,
825 2027 861 2092 de
879 2027 1004 2092 consilio
1020 2029 1150 2093 Patrum
1165 2025 1385 2110 cardinalium,

147 2154 226 2217 quos
248 2153 342 2217 supra
364 2133 606 2212 nominavimus,
629 2139 663 2198 ct
684 2131 837 2198 coaonae
859 2133 1100 2214 Metropolitum
1122 2133 1245 2216 Templi
1266 2135 1386 2216 Leopo-

146 2240 259 2304 diensis
273 2238 348 2302 &Ra
348 2238 500 2302 benorum
521 2258 582 2302 arsa
601 2238 788 2319 fruantur
775 2258 811 2301 aa
832 2236 961 2302 Divinis
984 2238 1100 2318 ospiciis
1122 2237 1237 2312 Piteoti
1212 2239 1388 2304 ldemissi

143 2363 184 2408 oc
206 2334 343 2420 rotandi,
363 2341 492 2408 violacei
515 2342 643 2420 colovio,
669 2361 737 2406 cura
759 2340 898 2406 oioiocec
920 2359 1022 2419 cruce,
1053 2341 1140 2423 cipri
1169 2362 1241 2408 oero
1271 2343 1387 2430 coloris

145 2446 251 2512 Garot
238 2452 287 2512 tas
327 2447 464 2529 ejusdcm
495 2446 618 2528 Tempta·
648 2426 776 2523 Orous,
817 2445 901 2509 bisce
932 2450 1045 2526 perpe
1044 2466 1084 2510 ao
1115 2445 1234 2512 Ia'teris
1273 2449 1387 2514 ooliba-

144 2552 206 2627 ris,
229 2551 331 2632 Apost
319 2551 413 2616 totico
435 2550 516 2616 Nost
504 2556 555 2616 tro
575 2550 659 2615 Acci
646 2549 771 2615 toritote
800 2548 1004 2614 concedimus.
1057 2547 1264 2616 Decerueutes
1294 2571 1385 2634 prae-

145 2657 251 2720 sentes
274 2653 394 2720 Literas
416 2655 547 2718 Nostras
570 2654 684 2732 firmas,
709 2653 836 2730 validas,
860 2653 892 2716 et
915 2652 1055 2718 efficaces
1072 2653 1146 2733 fore,
1170 2673 1299 2737 suosque
1322 2656 1387 2740 ple-

145 2760 250 2825 narios
273 2761 305 2824 et
326 2757 465 2842 integros
488 2758 617 2823 effectus
640 2747 744 2824 sortiri
766 2760 797 2823 et
822 2757 979 2837 obtinere,
1009 2741 1133 2840 illisque
1155 2759 1194 2822 ad
1218 2779 1293 2842 quos
1316 2781 1386 2844 per-

146 2865 251 2930 tinent
272 2862 548 2946 pertinuerintque,
571 2863 629 2927 boc
651 2861 825 2945 futurisque
846 2860 1036 2945 temporibus
1066 2862 1243 2945 plenissime
1274 2865 1386 2930 suffra

145 2967 416 3074 gari,sicr1ueiu
440 2964 616 3050 praemissis
638 2985 692 3049 per
714 2985 921 3049 quoscumque
940 2965 1061 3048 judices
1084 2967 1254 3032 ordinarios
1277 2969 1308 3033 t
1329 2969 1386 3034 de

145 3047 321 3156 legatos,e
305 3071 402 3136 etiem
425 3089 587 3135 causarum
612 3070 729 3134 Palatii
752 3070 922 3153 Apostolici
945 3069 1122 3149 Auditores,
1145 3069 1234 3136 Sedis
1256 3075 1388 3156 Aposto-
1401 3093 1402 3098 ¹

145 3178 230 3242 licae
251 3175 349 3241 Nunt
341 3194 386 3240 ros
417 3193 453 3240 ac
476 3173 571 3240 Sauct
558 3177 607 3240 tae
641 3175 797 3240 Ecclesiae
819 3175 975 3240 Romanae
998 3173 1194 3254 cardinales,
1226 3177 1321 3242 etiarn
1351 3179 1389 3244 de

98 3318 102 3329 =
146 3281 262 3346 Latere
274 3279 416 3364 Legatos,
440 3279 563 3344 sublate
585 3280 638 3358 eis,
662 3281 692 3344 et
712 3299 816 3345 eorum
832 3279 961 3344 cuilibet
974 3279 1082 3362 quavis
1105 3279 1197 3344 aliter
1216 3280 1388 3364 judicandi,

146 3387 182 3452 et
206 3383 429 3467 interpretandi
445 3384 606 3463 facultate,
632 3386 663 3448 et
686 3384 881 3463 auctoritate,
902 3383 1045 3466 judicari,
1068 3385 1100 3450 et
1122 3383 1244 3450 definiri
1267 3386 1395 3466 debere,

147 3509 188 3556 ac
209 3489 343 3569 irritum,
365 3490 397 3554 et
418 3488 519 3577 inane,
538 3489 565 3552 si
589 3507 687 3566 secus,
711 3491 802 3571 supet·
823 3488 916 3568 his,a
938 3507 1099 3570 quoquam,
1123 3489 1232 3572 quavis
1255 3492 1390 3558 auctori-

146 3595 229 3671 tate,
252 3595 399 3672 scienter,
420 3593 468 3658 vel
490 3593 668 3676 ignoranter
691 3593 858 3677 contigerit
882 3591 1041 3658 attentari.
1089 3593 1160 3658 Non
1184 3594 1388 3675 obstantibus,

147 3702 306 3782 quatenus
330 3713 404 3781 opus
425 3698 477 3775 sit,
499 3697 662 3762 Benedicti
684 3697 768 3763 XIV.
793 3696 1041 3762 Praedecessoris
1064 3697 1187 3776 Nostri,
1211 3699 1389 3766 recolendae

154 3800 337 3882 memoriae,
360 3820 450 3883 super
467 3799 615 3867 divisione
633 3801 843 3879 materiarum,
867 3801 997 3883 aliisque
1013 3798 1295 3884 constitutionibus,
1311 3805 1341 3868 et
1357 3823 1390 3869 or

145 3903 580 3987 dirutionibusApostolicis,
607 3904 777 3987 ceterisque
799 3904 961 3970 contrariis
983 3904 1236 3988 quibuscumque.
1261 3945 1303 3954 -
1326 3908 1389 3972 Da-

145 4013 219 4076 turu
242 4008 357 4072 Romae
380 4007 461 4090 apud
483 4006 710 4074 Sanctumt
650 4009 710 4073 Pet
711 4015 780 4073 rum
801 4008 859 4072 sub
882 4007 1004 4073 Annulo
1027 4009 1204 4088 Piscatoris,
1229 4009 1278 4076 die
1303 4011 1390 4078 XIV.

144 4113 226 4195 Sept
211 4112 342 4176 tembris
364 4111 631 4191 Mococcxxv,
654 4112 734 4177 Pont
737 4111 858 4176 ificatus
881 4111 991 4178 Nostri
1013 4111 1104 4177 Anno
1128 4111 1311 4197 Trigesimo.

980 4216 1015 4282 J.
1039 4215 1137 4283 Caret.
1161 4218 1345 4300 Aequiaios

255 4339 280 4408 1)
298 4338 331 4392 In
349 4337 400 4392 den
418 4339 546 4393 Statuten
563 4338 650 4394 heisst
668 4355 710 4393 es:
735 4355 823 4394 »crem
843 4353 932 4392 craece
953 4355 1060 4394 caereo.
1065 4359 1078 4386 e

622 4565 932 4576 mnu—n*
