3162 4882
141 195 142 198 Ἴ
153 207 160 216 ”
172 199 188 240 '³³
210 211 255 288 90
332 239 452 298 Neaera
470 237 596 295 Erinnae
615 239 668 295 dee
681 237 811 310 Populea
829 241 896 296 und
914 240 970 296 der
984 240 1183 310 pepercerim
1196 195 1369 298 Braurona

125 415 127 420 ’
210 410 288 478 culis
309 411 441 479 unitatis
464 413 694 479 obstrinxerunt
722 411 869 498 populum
903 413 1045 496 atquae
1069 411 1187 480 Christi
1212 401 1452 505 sanctorumque

45 601 56 628 J
86 541 112 600 ,¹
146 527 151 534 ’
210 517 347 602 exemplo
376 516 533 598 nituntur,
560 517 614 602 qni
644 535 699 600 pro
729 515 886 600 spirituali
917 515 1077 582 hominum
1106 516 1210 582 salute
1233 516 1376 583 animam
1398 538 1452 603 po·

210 639 281 687 nero
300 639 361 688 non
382 621 576 689 dubitarunt.
619 620 790 686 Hortamur
811 620 917 706 itaque
938 639 992 688 vos
1014 619 1183 700 universos,
1206 622 1243 687 ut
1261 620 1364 705 decipi
1392 639 1452 688 non·

14 703 69 832 Ξῗ
136 771 138 776 ·
210 725 357 792 sinatisa
378 724 669 810 pseudosapientem
698 724 849 807 consiliis,
881 725 1024 809 firmique
1052 725 1254 809 paraveretis
1277 726 1311 791 in
1339 745 1451 810 propo

210 831 271 896 sito
292 831 410 910 vestro,
433 831 465 896 ot
486 829 619 910 curretis,
641 831 678 896 ut
700 829 871 896 schismata
893 849 954 896 non
975 829 1038 895 siut
1060 829 1093 894 in
1116 827 1216 907 robis3
1255 829 1326 897 sitis
1346 832 1452 897 autem

14 917 29 1024 j
120 935 124 939 ’
210 954 316 1001 omnes
334 934 463 1020 perlecti
485 935 519 1000 in
540 934 648 1002 eodem
670 952 761 1000 sensu
785 936 818 1000 et
837 934 870 1000 in
900 935 1008 1000 eadem
1038 935 1201 1000 sententia.
1258 934 1347 1001 Deus
1368 935 1454 1020 pacis

210 1041 243 1105 ct
266 1039 409 1106 caritatis
431 1038 518 1106 vobis
540 1038 624 1105 adsit
645 1037 750 1124 gratia
771 1057 837 1118 sna,
861 1033 1056 1122 vestramque
1078 1038 1272 1115 concordiam
1291 1039 1453 1106 ctuuani-

210 1144 356 1210 nitatemv
371 1144 523 1224 restituat
539 1145 571 1209 et
593 1143 754 1210 confirmet
777 1143 808 1208 in
832 1161 922 1210 suam
952 1142 1107 1230 gloriam,
1140 1142 1299 1209 Ecclesiae
1331 1144 1453 1226 profac-

210 1248 289 1326 tum‚
313 1248 344 1312 et
365 1266 471 1313 veram
493 1247 631 1314 fidolum
653 1247 835 1314 utilitatem.
893 1247 948 1316 Ac,
961 1247 1087 1313 interim
1109 1247 1223 1313 fauoris
1247 1245 1315 1331 ejus
1337 1266 1455 1330 auspex

210 1351 253 1416 sit
276 1351 362 1418 robis
383 1351 568 1436 apostolicae
591 1351 775 1432 benedictio,
797 1371 890 1435 quam
912 1353 1059 1434 paternae
1079 1351 1454 1418 nostraebenevolentiue

113 1483 115 1490 ,
210 1457 324 1521 testem
345 1455 432 1522 vobis
450 1455 598 1540 singulis,
624 1455 730 1524 dilecti
753 1455 828 1534 lilii,
850 1454 991 1540 totique,
1013 1453 1064 1520 cui
1086 1455 1254 1540 praeestis,
1278 1454 1455 1521 catholicae

212 1560 430 1627 consociatioui
453 1561 650 1644 peramanter
671 1560 880 1644 impertimus.

314 1664 431 1732 Datum
454 1665 570 1732 Romae
592 1665 674 1750 apud
695 1664 726 1732 S.
751 1666 880 1731 Petrum
903 1664 952 1730 die
976 1665 1027 1730 29.
1051 1664 1196 1731 Januerii
1217 1682 1297 1729 anno
1322 1661 1419 1764 1877.

307 1769 520 1853 'Pontificatum
542 1769 652 1837 Nostri
674 1787 754 1836 anno
772 1767 1044 1854 trigesimoprimo.

1091 1871 1184 1938 PIUS
1206 1871 1268 1937 PP.
1293 1870 1349 1936 IX.
