3162 4882
234 197 276 262 80
342 213 528 271 senecione
546 213 629 270 xro.
650 214 696 270 ro.
718 216 799 272 arev.
820 217 848 272 c.
868 170 1214 274 camerancensi

231 385 296 452 siae
319 385 497 454 cardinalis
519 403 538 451 a
560 385 694 452 Bavaria
724 387 895 472 nuncupati
918 387 1016 454 Nobis
1049 371 1221 473 expositum
1251 390 1331 471 tuit,
1362 374 1396 456 el
1469 367 1470 374 ἶ

31 509 57 576 [a
113 475 116 488 ’
230 509 377 574 personae
400 490 528 558 idoneae
549 509 628 574 quaa
650 491 808 556 Ecclesiae
830 491 974 558 Leodien.
997 492 1072 558 dum
1095 512 1150 577 pro
1171 495 1310 580 tempore
1339 497 1476 579 pastoris

230 594 341 660 solatio
363 593 517 660 destituta
530 593 694 677 reperitur,
718 594 752 660 iu
767 595 953 680 Episcopum
971 615 989 662 a
1008 596 1146 664 Romano
1158 598 1309 664 Pontifice
1323 618 1378 682 pro
1393 601 1476 664 tem-

229 717 301 784 pore
324 698 474 765 existente
496 698 537 764 ad
560 699 742 766 electionem
772 698 952 784 hujusmodi
981 700 1195 784 praeficiatur,
1226 704 1266 769 ad
1289 705 1352 768 Vos
1375 707 1475 788 jacto

228 803 419 870 concordata
438 802 558 875 dodam
578 802 663 868 inter
683 803 788 870 adem
808 805 1033 884 Apostolicom,
1067 810 1097 871 et
1124 806 1278 892 inclytum
1300 809 1472 876 Notionem

225 908 441 992 commatrum
460 907 544 972 irrita
563 907 612 974 ael
627 908 802 992 mucosa
817 909 1013 990 Apostolioc,
1036 915 1094 976 aot
1114 910 1202 976 otios
1225 911 1361 996 tepittmc
1382 933 1473 995 spee-

187 1093 190 1100 ‚
227 1016 283 1090 tut,
305 1010 408 1076 dictus
429 1030 501 1078 uero
522 1009 658 1078 Joannes
680 1012 860 1078 Theodorus
882 1013 1068 1093 Eardinalis
1092 1017 1124 1080 et
1142 1010 1312 1100 Episcopus
1334 1021 1371 1084 ut
1396 1037 1471 1086 eve·

228 1117 332 1182 niente
354 1133 445 1196 casu,
467 1133 586 1200 quo'ex
605 1117 672 1202 ejus
692 1137 821 1202 persona
843 1119 1036 1202 praedictum
1062 1120 1234 1187 Ecclesiam
1256 1121 1359 1187 dictae
1381 1121 1471 1188 Sedis

228 1220 421 1306 dispositioni
442 1223 647 1305 reservatam,
680 1240 734 1288 seu
757 1223 902 1290 affectam
926 1243 994 1290 esse
1021 1224 1225 1309 contingeret,
1254 1226 1306 1310 jus
1334 1225 1471 1310 eligendi

228 1325 405 1411 hujusmodi
427 1325 522 1392 Vobis
544 1327 665 1392 saluum
697 1328 790 1411 atque
821 1328 965 1394 illaesum
994 1330 1172 1408 remaneat,
1202 1331 1351 1413 oportune
1374 1330 1470 1396 Vobis

227 1430 364 1496 aNobis
385 1429 548 1514 provideri,
572 1432 605 1496 et
628 1432 665 1496 ut
687 1431 769 1497 inira
790 1431 947 1518 indulgeri
969 1431 1162 1516 summopere
1186 1433 1348 1500 desideret.
1404 1435 1469 1500 Nos

226 1535 323 1619 ipsius
345 1533 476 1601 Jcauuis
498 1533 652 1601 Theodori
676 1534 849 1602 cardinalis
868 1537 901 1602 et
923 1536 1067 1621 Episcopi
1088 1537 1169 1604 rotis
1192 1537 1251 1603 hac
1273 1537 1305 1603 in
1328 1557 1361 1604 re
1382 1539 1468 1604 fauc-

105 1631 110 1638 ’
225 1639 367 1705 rabiliter
389 1658 534 1719 annuere,
556 1639 889 1724 specialemqueVobis
913 1640 1049 1726 gratiam
1070 1641 1174 1709 lacera
1197 1642 1343 1723 volentes,
1368 1644 1401 1709 et
1418 1663 1469 1710 re-

225 1745 324 1810 strum
353 1742 526 1827 singulares
552 1763 698 1828 personas
719 1762 739 1810 a
761 1745 920 1830 quibusvis
941 1746 1284 1828 excommunicationis,
1316 1749 1349 1814 et
1370 1748 1468 1814 inter·

174 1895 182 1900 ,.
224 1850 301 1916 dicti
323 1850 701 1941 aliisqueEcclesiasticis
716 1850 895 1934 Sententiis,
916 1853 1053 1919 censuris
1068 1854 1101 1920 et
1122 1853 1228 1937 poenis
1243 1852 1351 1938 quouis
1366 1853 1469 1932 modo,
1572 1871 1573 1926 i

80 1981 82 1984 ·
224 1956 257 2022 et
278 1975 472 2040 quacumque
494 1955 532 2021 de
554 1975 647 2045 causa
668 1955 752 2036 latis,
774 1955 808 2022 Si
829 1975 906 2041 quas
928 1956 1008 2023 forte
1028 1957 1204 2024 incurristis
1225 1957 1328 2040 hujus
1342 1957 1467 2020 tantum

224 2059 269 2124 rei
290 2059 393 2145 gratia
415 2061 450 2160 et
471 2059 629 2127 absolutos
648 2060 712 2125 fore
733 2062 902 2139 causantes,
924 2059 1203 2144 supplicationibus
1226 2059 1322 2144 ipsius
1337 2059 1469 2126 Joannis

223 2163 376 2230 Theodori
399 2163 575 2232 cardinalis
596 2166 629 2231 et
643 2163 787 2248 Episcopi
810 2163 931 2230 nomine
949 2163 1048 2230 Nobis
1070 2164 1232 2229 humiliter
1253 2163 1403 2247 porrectis
1419 2163 1468 2228 in-

10 2229 36 2264 *
152 2281 154 2286 ·
223 2267 344 2353 obusti,
366 2269 462 2336 Vobis
484 2270 521 2334 ut
542 2267 569 2334 si
591 2268 753 2354 contingat
775 2269 982 2333 memoratum
1003 2268 1155 2335 Joannem
1178 2266 1373 2333 Theodorum
1391 2267 1468 2354 Oar-

222 2371 361 2439 dinalem
390 2374 422 2439 et
443 2373 629 2458 Episcopum
659 2371 755 2438 etiam
785 2371 866 2456 apud
898 2372 1003 2438 sedem
1032 2371 1243 2456 Apostolicam
1273 2372 1465 2456 praedictam

223 2475 318 2557 obire,
341 2477 416 2544 licet
431 2477 570 2544 Ecclesia
581 2476 724 2544 Leodien.
747 2476 907 2560 praedicta
928 2495 983 2560 par
1004 2475 1124 2542 obitum
1140 2475 1319 2560 hujusmodi
1339 2496 1376 2543 ex
1390 2497 1468 2562 quo·

222 2581 269 2648 uis
292 2582 393 2666 capite
415 2580 511 2648 etiam
542 2581 669 2665 speciali
692 2580 777 2647 Nota
804 2583 837 2648 et
865 2581 1057 2664 expressione
1084 2579 1177 2666 digno
1208 2580 1346 2664 ejusdem
1376 2580 1467 2646 Sedis

221 2685 418 2768 Apostolicas
439 2684 633 2769 dispositioni
648 2685 846 2770 generaliter,
868 2685 919 2752 uel
941 2684 1119 2768 specialiter
1140 2684 1298 2750 reseruata
1320 2686 1377 2750 aut
1390 2703 1467 2768 quo

220 2789 268 2856 uis
290 2791 381 2856 modo
403 2789 515 2855 affecta
534 2789 610 2854 tunc
633 2788 837 2872 reperiretur,
860 2788 1062 2854 nihilominus
1083 2789 1192 2854 electio
1214 2807 1362 2872 personae
1393 2789 1466 2856 ido·

220 2911 296 2958 neae
318 2893 352 2959 in
374 2894 476 2960 locum
506 2893 584 2958 dicti
605 2892 737 2959 Joansis
760 2892 913 2958 Theodori
937 2891 1114 2958 cardinalis
1143 2893 1176 2957 et
1197 2891 1340 2976 Episcopi
1363 2893 1466 2960 eidem

94 2999 95 3002 ’
221 2997 380 3064 Ecclesiae
400 2997 545 3065 Leodien'.
568 2997 602 3062 in
621 2997 807 3081 Episcopum
832 3016 851 3062 a
872 2996 970 3062 Nobis
993 2997 1208 3063 seu-Romano
1230 2995 1382 3064 Pontifice
1409 3019 1466 3082 pro

220 3103 356 3185 tempore
378 3102 528 3168 existente
549 3102 589 3167 ad
613 3100 795 3168 electionem
809 3101 987 3185 hujusmodi
999 3100 1224 3185 praeficiendae
1239 3101 1278 3168 ad
1298 3100 1360 3168 Vos
1372 3103 1467 3186 jacto

219 3207 418 3289 corwordcto,
440 3207 488 3273 cel
496 3205 670 3290 prioilepio
683 3206 867 3289 Apostolico
876 3206 1045 3289 proedicto
1067 3206 1191 3272 omnino
1213 3211 1327 3289 spectet
1348 3212 1463 3289 etper-

218 3312 316 3379 tioeot
335 3311 369 3376 in
390 3311 532 3377 omnibus
554 3311 586 3376 et
607 3329 662 3394 per
682 3308 787 3376 omnia
808 3309 934 3394 perinde
956 3329 993 3376 ac
1013 3310 1041 3376 si
1055 3308 1196 3376 Ecclesia
1206 3311 1348 3377 leodien.
1368 3330 1462 3394 prae·

217 3416 303 3482 dicta
325 3414 476 3501 ejusmodi
497 3413 587 3480 Sedis
609 3414 730 3498 disponi
750 3414 928 3480 nullatenus
949 3414 1122 3495 reservata,
1154 3414 1203 3480 vel
1223 3414 1336 3481 affecta
1366 3417 1460 3496 esset,

79 3511 81 3516 Χ
218 3520 404 3586 anctoritate
426 3519 603 3604 apostolica
624 3520 730 3585 tunore
744 3518 953 3603 praesentium
974 3519 1169 3585 concedimus
1194 3520 1226 3585 et
1247 3519 1460 3604 indulgemus.

218 3627 424 3693 Decerneutes
446 3624 570 3690 easdem
592 3625 771 3708 praesentes
799 3625 907 3690 literas
934 3623 1059 3703 firmas,
1087 3623 1227 3703 validas,
1255 3624 1288 3688 et
1318 3623 1461 3690 efficaces

218 3731 357 3810 asistere,
377 3730 410 3795 et
431 3730 505 3810 fore,
525 3747 656 3814 suosque
678 3729 830 3813 plenarios
853 3729 884 3794 et
905 3729 1043 3814 integros
1066 3727 1193 3794 allectus
1221 3728 1327 3794 sortiri
1347 3729 1381 3794 et
1403 3729 1461 3794 ob·

216 3834 325 3914 tinere,
347 3853 383 3899 ac
406 3833 501 3900 Vobis
516 3833 693 3917 plenissime
708 3833 890 3918 suffagern
923 3833 1028 3918 sicque
1043 3831 1075 3896 in
1091 3831 1270 3916 praemissis
1288 3851 1344 3916 per
1367 3851 1462 3915 quos·

79 3988 81 3996 .
201 3956 347 4024 *cumque
376 3936 503 4004 Judices
533 3936 729 4020 ordinarios,
766 3939 799 4004 et
826 3937 985 4022 delegatos
1015 3935 1111 4002 etiam
1142 3953 1307 4002 causarum
1340 3937 1458 4002 Palatii

217 4041 388 4126 apostolici
410 4041 576 4109 Auditores
599 4062 634 4108 ac
657 4042 789 4109 Sanctae
812 4043 969 4108 Romanae
993 4039 1150 4106 Ecclesiae
1182 4040 1360 4124 praedictae
1385 4039 1462 4105 Oar-

215 4145 334 4211 dinales
364 4146 459 4214 etiam
488 4146 657 4214 delatore
684 4147 835 4232 Legatos,
869 4148 904 4212 et
935 4144 1129 4229 spostolicae
1160 4143 1249 4210 Sedis
1277 4143 1460 4238 praedictae

215 4250 352 4317 Nuucios
375 4249 499 4316 sublata
521 4250 583 4329 eis,
611 4251 644 4315 et
673 4269 777 4317 eorum
805 4249 934 4316 cuilibet
956 4247 1064 4334 quavis
1088 4247 1180 4312 aliter
1210 4246 1394 4332 judicandi,
1429 4250 1462 4313 et
1536 4307 1537 4310 ,

215 4353 439 4438 interpretandi
456 4354 615 4437 facultate
637 4355 671 4421 et
692 4355 888 4433 auctoritato,
906 4352 1050 4438 judicari,
1074 4354 1109 4420 et
1126 4352 1247 4419 definiri
1270 4352 1394 4432 debere,
1418 4352 1459 4418 ad

216 4460 340 4525 irritum
363 4459 395 4524 et
422 4458 514 4524 inane
540 4459 567 4524 si
591 4477 679 4525 secus
708 4478 800 4543 super
822 4458 872 4523 his
900 4476 920 4522 a
953 4475 1108 4540 quoquam
1137 4457 1245 4541 quavis
1267 4457 1459 4522 auctoritate

216 4563 365 4650 tangente
388 4562 535 4643 scientet,
570 4563 818 4648 vel‘ignoranter
841 4559 1009 4644 contigerit
1026 4560 1186 4646 attentari.
1236 4561 1308 4626 Non
1330 4561 1463 4630 obstan·
