<?xml version="1.0" encoding="UTF-8"?>
<!DOCTYPE html PUBLIC "-//W3C//DTD XHTML 1.0 Transitional//EN"
    "http://www.w3.org/TR/xhtml1/DTD/xhtml1-transitional.dtd">
<html xmlns="http://www.w3.org/1999/xhtml" xml:lang="en" lang="en">
 <head>
  <title>
</title>
<meta http-equiv="Content-Type" content="text/html;charset=utf-8" />
  <meta name='ocr-system' content='tesseract 3.04.00' />
  <meta name='ocr-capabilities' content='ocr_page ocr_carea ocr_par ocr_line ocrx_word'/>
</head>
<body>
  <div class='ocr_page' id='page_1' title='image "./archivfrkatholi21jurigoog_0102.png"; bbox 0 0 3162 4882; ppageno 0'>
   <div class='ocr_carea' id='block_1_1' title="bbox 2 205 1356 352">
    <p class='ocr_par' dir='ltr' id='par_1_1' title="bbox 2 205 1356 352">
     <span class='ocr_line' id='line_1_1' title="bbox 2 205 1356 352; baseline -0.007 -51"><span class='ocrx_word' id='word_1_1' title='bbox 2 205 70 352; x_wconf 17' lang='grc' dir='ltr'>ἐν’-ι</span> <span class='ocrx_word' id='word_1_2' title='bbox 118 255 121 270; x_wconf 58' lang='grc'>’“</span> <span class='ocrx_word' id='word_1_3' title='bbox 181 231 224 300; x_wconf 82' lang='grc'>88</span> <span class='ocrx_word' id='word_1_4' title='bbox 306 249 427 304; x_wconf 74' lang='lat' dir='ltr'>Narrare</span> <span class='ocrx_word' id='word_1_5' title='bbox 444 247 571 302; x_wconf 76' lang='lat' dir='ltr'>Erinnae</span> <span class='ocrx_word' id='word_1_6' title='bbox 590 246 643 301; x_wconf 84' lang='lat' dir='ltr'>dea</span> <span class='ocrx_word' id='word_1_7' title='bbox 660 244 789 314; x_wconf 73' lang='lat' dir='ltr'>Papulas</span> <span class='ocrx_word' id='word_1_8' title='bbox 807 243 875 298; x_wconf 82' lang='lat' dir='ltr'>rand</span> <span class='ocrx_word' id='word_1_9' title='bbox 893 243 949 298; x_wconf 81' lang='lat' dir='ltr'>der</span> <span class='ocrx_word' id='word_1_10' title='bbox 964 240 1164 312; x_wconf 74' lang='lat' dir='ltr'>papstticlrcn</span> <span class='ocrx_word' id='word_1_11' title='bbox 1185 237 1356 295; x_wconf 80' lang='lat' dir='ltr'>Bclrbrden.</span> 
     </span>
    </p>
   </div>
   <div class='ocr_carea' id='block_1_2' title="bbox 32 389 1554 812">
    <p class='ocr_par' dir='ltr' id='par_1_2' title="bbox 2 389 1554 816">
     <span class='ocr_line' id='line_1_2' title="bbox 32 389 1554 505; baseline -0.01 -18.29"><span class='ocrx_word' id='word_1_12' title='bbox 2 405 48 508; x_wconf 58' lang='grc' dir='ltr'>ξςῗζῗ</span> <span class='ocrx_word' id='word_1_13' title='bbox 127 467 130 472; x_wconf 89' lang='grc'><strong>-</strong></span> <span class='ocrx_word' id='word_1_14' title='bbox 181 421 315 505; x_wconf 88' lang='lat' dir='ltr'>poriuua</span> <span class='ocrx_word' id='word_1_15' title='bbox 336 417 487 484; x_wconf 90' lang='lat' dir='ltr'>mandata</span> <span class='ocrx_word' id='word_1_16' title='bbox 508 416 651 482; x_wconf 82' lang='lat' dir='ltr'>dedimus</span> <span class='ocrx_word' id='word_1_17' title='bbox 674 416 712 480; x_wconf 91' lang='lat' dir='ltr'>ut</span> <span class='ocrx_word' id='word_1_18' title='bbox 734 434 804 480; x_wconf 88' lang='lat' dir='ltr'>enm</span> <span class='ocrx_word' id='word_1_19' title='bbox 826 412 983 498; x_wconf 88' lang='lat' dir='ltr'>imperiali</span> <span class='ocrx_word' id='word_1_20' title='bbox 1004 389 1163 479; x_wconf 78' lang='lat' dir='ltr'>anernio</span> <span class='ocrx_word' id='word_1_21' title='bbox 1183 410 1268 496; x_wconf 86' lang='lat' dir='ltr'>agat,</span> <span class='ocrx_word' id='word_1_22' title='bbox 1291 411 1324 475; x_wconf 94' lang='lat' dir='ltr'>et</span> <span class='ocrx_word' id='word_1_23' title='bbox 1348 429 1425 476; x_wconf 88' lang='lat' dir='ltr'>eon-</span> <span class='ocrx_word' id='word_1_24' title='bbox 1548 451 1554 456; x_wconf 92' lang='lat'>-</span> 
     </span>
     <span class='ocr_line' id='line_1_3' title="bbox 40 513 1427 606; baseline -0.004 -19.16"><span class='ocrx_word' id='word_1_25' title='bbox 2 570 45 587; x_wconf 92' lang='lat'><em>.</em></span> <span class='ocrx_word' id='word_1_26' title='bbox 183 523 288 590; x_wconf 91' lang='lat' dir='ltr'>cordia</span> <span class='ocrx_word' id='word_1_27' title='bbox 308 541 379 588; x_wconf 93' lang='lat' dir='ltr'>cum</span> <span class='ocrx_word' id='word_1_28' title='bbox 409 521 476 606; x_wconf 92' lang='lat' dir='ltr'>ipso</span> <span class='ocrx_word' id='word_1_29' title='bbox 507 520 612 588; x_wconf 86' lang='lat' dir='ltr'>studia</span> <span class='ocrx_word' id='word_1_30' title='bbox 646 519 686 584; x_wconf 91' lang='lat' dir='ltr'>ad</span> <span class='ocrx_word' id='word_1_31' title='bbox 720 520 843 603; x_wconf 79' lang='lat' dir='ltr'>optatos</span> <span class='ocrx_word' id='word_1_32' title='bbox 874 517 1002 584; x_wconf 83' lang='lat' dir='ltr'>effectus</span> <span class='ocrx_word' id='word_1_33' title='bbox 1037 513 1220 584; x_wconf 90' lang='lat' dir='ltr'>obtinendos</span> <span class='ocrx_word' id='word_1_34' title='bbox 1254 515 1427 581; x_wconf 85' lang='lat' dir='ltr'>convertat.</span> 
     </span>
     <span class='ocr_line' id='line_1_4' title="bbox 39 617 1428 713; baseline -0.011 -15.389"><span class='ocrx_word' id='word_1_35' title='bbox 39 617 56 698; x_wconf 66' lang='lat' dir='ltr'>ss</span> <span class='ocrx_word' id='word_1_36' title='bbox 138 671 139 674; x_wconf 59' lang='lat'><em>=</em></span> <span class='ocrx_word' id='word_1_37' title='bbox 183 627 373 696; x_wconf 69' lang='lat' dir='ltr'>confidimns</span> <span class='ocrx_word' id='word_1_38' title='bbox 394 625 583 713; x_wconf 88' lang='lat' dir='ltr'>potestatem</span> <span class='ocrx_word' id='word_1_39' title='bbox 612 623 735 691; x_wconf 81' lang='lat' dir='ltr'>civilem</span> <span class='ocrx_word' id='word_1_40' title='bbox 758 623 792 689; x_wconf 91' lang='lat' dir='ltr'>in</span> <span class='ocrx_word' id='word_1_41' title='bbox 821 622 901 688; x_wconf 90' lang='lat' dir='ltr'>hanc</span> <span class='ocrx_word' id='word_1_42' title='bbox 936 640 1003 686; x_wconf 90' lang='lat' dir='ltr'>rem</span> <span class='ocrx_word' id='word_1_43' title='bbox 1025 639 1097 687; x_wconf 91' lang='lat' dir='ltr'>suas</span> <span class='ocrx_word' id='word_1_44' title='bbox 1129 639 1219 686; x_wconf 89' lang='lat' dir='ltr'>curas</span> <span class='ocrx_word' id='word_1_45' title='bbox 1252 619 1428 685; x_wconf 82' lang='lat' dir='ltr'><strong>Nobiscum</strong></span> 
     </span>
     <span class='ocr_line' id='line_1_5' title="bbox 182 723 1428 812; baseline -0.008 -13.515"><span class='ocrx_word' id='word_1_46' title='bbox 182 731 319 799; x_wconf 90' lang='lat' dir='ltr'>studiose</span> <span class='ocrx_word' id='word_1_47' title='bbox 348 729 546 809; x_wconf 81' lang='lat' dir='ltr'>collaturam,</span> <span class='ocrx_word' id='word_1_48' title='bbox 581 723 617 796; x_wconf 85' lang='lat' dir='ltr'>ac</span> <span class='ocrx_word' id='word_1_49' title='bbox 639 729 742 795; x_wconf 89' lang='lat' dir='ltr'>Deum</span> <span class='ocrx_word' id='word_1_50' title='bbox 772 725 1053 812; x_wconf 78' lang='lat' dir='ltr'>eniseprecamur,</span> <span class='ocrx_word' id='word_1_51' title='bbox 1086 743 1187 808; x_wconf 90' lang='lat' dir='ltr'>aquo</span> <span class='ocrx_word' id='word_1_52' title='bbox 1210 725 1290 790; x_wconf 88' lang='lat' dir='ltr'>bona</span> <span class='ocrx_word' id='word_1_53' title='bbox 1311 723 1428 789; x_wconf 90' lang='lat' dir='ltr'>cuncta</span> 
     </span>
    </p>
   </div>
   <div class='ocr_carea' id='block_1_3' title="bbox 2 827 1427 1126">
    <p class='ocr_par' dir='ltr' id='par_1_3' title="bbox 2 827 1427 1126">
     <span class='ocr_line' id='line_1_6' title="bbox 5 827 1427 922; baseline -0.009 -18"><span class='ocrx_word' id='word_1_54' title='bbox 5 867 28 896; x_wconf 92' lang='lat'>.·</span> <span class='ocrx_word' id='word_1_55' title='bbox 182 835 369 922; x_wconf 86' lang='lat' dir='ltr'>procedunt,</span> <span class='ocrx_word' id='word_1_56' title='bbox 392 837 430 902; x_wconf 90' lang='lat' dir='ltr'>ut</span> <span class='ocrx_word' id='word_1_57' title='bbox 448 835 507 901; x_wconf 92' lang='lat' dir='ltr'>boc</span> <span class='ocrx_word' id='word_1_58' title='bbox 528 853 605 919; x_wconf 90' lang='lat' dir='ltr'>opus</span> <span class='ocrx_word' id='word_1_59' title='bbox 627 833 708 920; x_wconf 91' lang='lat' dir='ltr'>quod</span> <span class='ocrx_word' id='word_1_60' title='bbox 728 834 767 898; x_wconf 86' lang='lat' dir='ltr'>ad</span> <span class='ocrx_word' id='word_1_61' title='bbox 787 831 949 917; x_wconf 80' lang='lat' dir='ltr'>religionis</span> <span class='ocrx_word' id='word_1_62' title='bbox 973 831 1005 896; x_wconf 91' lang='lat' dir='ltr'>et</span> <span class='ocrx_word' id='word_1_63' title='bbox 1027 829 1186 896; x_wconf 90' lang='lat' dir='ltr'>societatis</span> <span class='ocrx_word' id='word_1_64' title='bbox 1209 827 1308 894; x_wconf 87' lang='lat' dir='ltr'>civilis</span> <span class='ocrx_word' id='word_1_65' title='bbox 1337 829 1427 892; x_wconf 88' lang='lat' dir='ltr'>tran-</span> 
     </span>
     <span class='ocr_line' id='line_1_7' title="bbox 2 930 1427 1026; baseline -0.007 -18"><span class='ocrx_word' id='word_1_66' title='bbox 2 991 9 1008; x_wconf 72' lang='lat'>,</span> <span class='ocrx_word' id='word_1_67' title='bbox 50 957 58 1016; x_wconf 77' lang='lat' dir='ltr'>j</span> <span class='ocrx_word' id='word_1_68' title='bbox 183 941 374 1026; x_wconf 89' lang='lat' dir='ltr'>quillitatem</span> <span class='ocrx_word' id='word_1_69' title='bbox 395 939 542 1025; x_wconf 86' lang='lat' dir='ltr'>pertinet,</span> <span class='ocrx_word' id='word_1_70' title='bbox 564 957 621 1004; x_wconf 88' lang='lat' dir='ltr'>sua</span> <span class='ocrx_word' id='word_1_71' title='bbox 642 938 747 1023; x_wconf 85' lang='lat' dir='ltr'>gratia</span> <span class='ocrx_word' id='word_1_72' title='bbox 768 935 912 1021; x_wconf 81' lang='lat' dir='ltr'>prosequi</span> <span class='ocrx_word' id='word_1_73' title='bbox 934 936 967 1000; x_wconf 88' lang='lat' dir='ltr'>et</span> <span class='ocrx_word' id='word_1_74' title='bbox 988 933 1135 1018; x_wconf 85' lang='lat' dir='ltr'>adjurare</span> <span class='ocrx_word' id='word_1_75' title='bbox 1159 930 1314 1016; x_wconf 77' lang='lat' dir='ltr'>dignetur.</span> <span class='ocrx_word' id='word_1_76' title='bbox 1358 931 1427 998; x_wconf 88' lang='lat' dir='ltr'>Ho-</span> 
     </span>
     <span class='ocr_line' id='line_1_8' title="bbox 28 1029 1426 1126; baseline -0.009 -13"><span class='ocrx_word' id='word_1_77' title='bbox 28 1061 31 1070; x_wconf 79' lang='grc'>’</span> <span class='ocrx_word' id='word_1_78' title='bbox 182 1065 253 1111; x_wconf 91' lang='lat' dir='ltr'>rum</span> <span class='ocrx_word' id='word_1_79' title='bbox 274 1047 415 1112; x_wconf 82' lang='lat' dir='ltr'>votorum</span> <span class='ocrx_word' id='word_1_80' title='bbox 437 1045 474 1110; x_wconf 94' lang='lat' dir='ltr'>ut</span> <span class='ocrx_word' id='word_1_81' title='bbox 495 1043 651 1126; x_wconf 90' lang='lat' dir='ltr'>compotes</span> <span class='ocrx_word' id='word_1_82' title='bbox 675 1041 781 1121; x_wconf 86' lang='lat' dir='ltr'>simus,</span> <span class='ocrx_word' id='word_1_83' title='bbox 805 1059 858 1107; x_wconf 88' lang='lat' dir='ltr'>vos</span> <span class='ocrx_word' id='word_1_84' title='bbox 873 1038 980 1118; x_wconf 88' lang='lat' dir='ltr'>etiam,</span> <span class='ocrx_word' id='word_1_85' title='bbox 1003 1029 1203 1104; x_wconf 82' lang='lat' dir='ltr'>venerabiles</span> <span class='ocrx_word' id='word_1_86' title='bbox 1218 1037 1353 1116; x_wconf 75' lang='lat' dir='ltr'>marra,</span> <span class='ocrx_word' id='word_1_87' title='bbox 1370 1055 1426 1101; x_wconf 84' lang='lat' dir='ltr'>ve·</span> 
     </span>
    </p>
   </div>
   <div class='ocr_carea' id='block_1_4' title="bbox 88 1139 1427 1336">
    <p class='ocr_par' dir='ltr' id='par_1_4' title="bbox 9 1109 1427 1336">
     <span class='ocr_line' id='line_1_9' title="bbox 183 1139 1427 1234; baseline -0.013 -15.209"><span class='ocrx_word' id='word_1_88' title='bbox 183 1151 265 1216; x_wconf 84' lang='lat' dir='ltr'>strae</span> <span class='ocrx_word' id='word_1_89' title='bbox 298 1167 405 1234; x_wconf 80' lang='lat' dir='ltr'>preces</span> <span class='ocrx_word' id='word_1_90' title='bbox 434 1147 559 1214; x_wconf 76' lang='lat' dir='ltr'>Nostris</span> <span class='ocrx_word' id='word_1_91' title='bbox 588 1145 768 1231; x_wconf 90' lang='lat' dir='ltr'>adjungite,</span> <span class='ocrx_word' id='word_1_92' title='bbox 803 1163 839 1210; x_wconf 87' lang='lat' dir='ltr'>ac</span> <span class='ocrx_word' id='word_1_93' title='bbox 872 1142 904 1209; x_wconf 93' lang='lat' dir='ltr'>in</span> <span class='ocrx_word' id='word_1_94' title='bbox 933 1143 1047 1228; x_wconf 84' lang='lat' dir='ltr'>pignus</span> <span class='ocrx_word' id='word_1_95' title='bbox 1080 1141 1218 1207; x_wconf 79' lang='lat' dir='ltr'>sincerae</span> <span class='ocrx_word' id='word_1_96' title='bbox 1249 1139 1427 1206; x_wconf 73' lang='lat' dir='ltr'>dilectionis</span> 
     </span>
     <span class='ocr_line' id='line_1_10' title="bbox 88 1233 1427 1336; baseline -0.005 -20"><span class='ocrx_word' id='word_1_97' title='bbox 88 1313 90 1316; x_wconf 83' lang='lat'>.</span> <span class='ocrx_word' id='word_1_98' title='bbox 159 1253 319 1320; x_wconf 76' lang='lat' dir='ltr'>Nostrae</span> <span class='ocrx_word' id='word_1_99' title='bbox 341 1251 473 1336; x_wconf 89' lang='lat' dir='ltr'>accipite</span> <span class='ocrx_word' id='word_1_100' title='bbox 492 1250 690 1336; x_wconf 81' lang='lat' dir='ltr'>Apotolicam</span> <span class='ocrx_word' id='word_1_101' title='bbox 713 1247 976 1328; x_wconf 87' lang='lat' dir='ltr'>Benedictionem,</span> <span class='ocrx_word' id='word_1_102' title='bbox 999 1265 1093 1331; x_wconf 87' lang='lat' dir='ltr'>quam</span> <span class='ocrx_word' id='word_1_103' title='bbox 1102 1233 1202 1312; x_wconf 88' lang='lat' dir='ltr'>vobis</span> <span class='ocrx_word' id='word_1_104' title='bbox 1219 1246 1252 1312; x_wconf 91' lang='lat' dir='ltr'>et</span> <span class='ocrx_word' id='word_1_105' title='bbox 1275 1244 1365 1312; x_wconf 81' lang='lat' dir='ltr'>Olero</span> <span class='ocrx_word' id='word_1_106' title='bbox 1387 1263 1427 1309; x_wconf 91' lang='lat' dir='ltr'>ac</span> 
     </span>
    </p>
   </div>
   <div class='ocr_carea' id='block_1_5' title="bbox 182 1349 1426 1458">
    <p class='ocr_par' dir='ltr' id='par_1_5' title="bbox 182 1349 1426 1458">
     <span class='ocr_line' id='line_1_11' title="bbox 182 1349 1426 1458; baseline -0.007 -35"><span class='ocrx_word' id='word_1_107' title='bbox 182 1357 342 1424; x_wconf 80' lang='lat' dir='ltr'>Fidelibns</span> <span class='ocrx_word' id='word_1_108' title='bbox 365 1358 513 1443; x_wconf 88' lang='lat' dir='ltr'>cujusque</span> <span class='ocrx_word' id='word_1_109' title='bbox 534 1359 672 1424; x_wconf 85' lang='lat' dir='ltr'>vestrum</span> <span class='ocrx_word' id='word_1_110' title='bbox 696 1372 788 1421; x_wconf 88' lang='lat' dir='ltr'>curae</span> <span class='ocrx_word' id='word_1_111' title='bbox 810 1351 995 1420; x_wconf 80' lang='lat' dir='ltr'>concreditis</span> <span class='ocrx_word' id='word_1_112' title='bbox 1015 1349 1245 1436; x_wconf 77' lang='lat' dir='ltr'>peramanter</span> <span class='ocrx_word' id='word_1_113' title='bbox 1235 1369 1269 1416; x_wconf 91' lang='grc' dir='ltr'>ιιι</span> <span class='ocrx_word' id='word_1_114' title='bbox 1290 1349 1426 1458; x_wconf 86' lang='lat' dir='ltr'>Domino</span> 
     </span>
    </p>
   </div>
   <div class='ocr_carea' id='block_1_6' title="bbox 2 1445 389 1547">
    <p class='ocr_par' dir='ltr' id='par_1_6' title="bbox 2 1445 389 1547">
     <span class='ocr_line' id='line_1_12' title="bbox 2 1445 389 1547; baseline -0.003 -18"><span class='ocrx_word' id='word_1_115' title='bbox 2 1445 42 1486; x_wconf 66' lang='lat'>‘⁸</span> <span class='ocrx_word' id='word_1_116' title='bbox 183 1461 389 1547; x_wconf 85' lang='lat' dir='ltr'>impertimus.</span> 
     </span>
    </p>
   </div>
   <div class='ocr_carea' id='block_1_7' title="bbox 183 1575 1426 1755">
    <p class='ocr_par' dir='ltr' id='par_1_7' title="bbox 183 1575 1426 1755">
     <span class='ocr_line' id='line_1_13' title="bbox 288 1575 1426 1666; baseline -0.005 -19"><span class='ocrx_word' id='word_1_117' title='bbox 288 1583 406 1650; x_wconf 89' lang='lat' dir='ltr'>Datum</span> <span class='ocrx_word' id='word_1_118' title='bbox 428 1585 556 1663; x_wconf 87' lang='lat' dir='ltr'>Romae,</span> <span class='ocrx_word' id='word_1_119' title='bbox 579 1581 662 1666; x_wconf 89' lang='lat' dir='ltr'>apud</span> <span class='ocrx_word' id='word_1_120' title='bbox 673 1580 704 1650; x_wconf 87' lang='lat' dir='ltr'>S.</span> <span class='ocrx_word' id='word_1_121' title='bbox 718 1581 856 1661; x_wconf 89' lang='lat' dir='ltr'>Petrum,</span> <span class='ocrx_word' id='word_1_122' title='bbox 880 1579 930 1644; x_wconf 91' lang='lat' dir='ltr'>die</span> <span class='ocrx_word' id='word_1_123' title='bbox 953 1579 1006 1646; x_wconf 79' lang='lat'>29.</span> <span class='ocrx_word' id='word_1_124' title='bbox 1020 1575 1140 1663; x_wconf 85' lang='lat' dir='ltr'>Aprilis</span> <span class='ocrx_word' id='word_1_125' title='bbox 1162 1595 1212 1642; x_wconf 85' lang='lat' dir='ltr'>an.</span> <span class='ocrx_word' id='word_1_126' title='bbox 1232 1577 1325 1644; x_wconf 87' lang='grc'><strong>1876.</strong></span> <span class='ocrx_word' id='word_1_127' title='bbox 1341 1577 1426 1642; x_wconf 90' lang='lat' dir='ltr'>Pon-</span> 
     </span>
     <span class='ocr_line' id='line_1_14' title="bbox 183 1684 745 1755; baseline -0.002 -2"><span class='ocrx_word' id='word_1_128' title='bbox 183 1687 322 1754; x_wconf 88' lang='lat' dir='ltr'>tificatus</span> <span class='ocrx_word' id='word_1_129' title='bbox 343 1688 454 1755; x_wconf 86' lang='lat' dir='ltr'>Nostri</span> <span class='ocrx_word' id='word_1_130' title='bbox 476 1706 555 1753; x_wconf 90' lang='lat' dir='ltr'>anno</span> <span class='ocrx_word' id='word_1_131' title='bbox 577 1684 745 1754; x_wconf 90' lang='lat' dir='ltr'>tricesimo.</span> 
     </span>
    </p>
   </div>
   <div class='ocr_carea' id='block_1_8' title="bbox 545 1803 941 1876">
    <p class='ocr_par' dir='ltr' id='par_1_8' title="bbox 545 1803 941 1876">
     <span class='ocr_line' id='line_1_15' title="bbox 545 1803 941 1876; baseline -0.008 1"><span class='ocrx_word' id='word_1_132' title='bbox 545 1835 555 1854; x_wconf 91' lang='lat'><strong>·</strong></span> <span class='ocrx_word' id='word_1_133' title='bbox 680 1807 773 1876; x_wconf 85' lang='lat' dir='ltr'>PIUS</span> <span class='ocrx_word' id='word_1_134' title='bbox 799 1805 862 1874; x_wconf 89' lang='grc' dir='ltr'>ΡΡ.</span> <span class='ocrx_word' id='word_1_135' title='bbox 885 1803 941 1874; x_wconf 88' lang='grc' dir='ltr'>ΙΧ.</span> 
     </span>
    </p>
   </div>
   <div class='ocr_carea' id='block_1_9' title="bbox 219 1977 1407 2206">
    <p class='ocr_par' dir='ltr' id='par_1_9' title="bbox 219 1977 1407 2206">
     <span class='ocr_line' id='line_1_16' title="bbox 219 1977 1407 2099; baseline -0.007 -13"><span class='ocrx_word' id='word_1_136' title='bbox 219 1990 249 2086; x_wconf 74' lang='lat'>5&#39;.</span> <span class='ocrx_word' id='word_1_137' title='bbox 272 2017 328 2085; x_wconf 80' lang='grc' dir='ltr'>ιιι·</span> <span class='ocrx_word' id='word_1_138' title='bbox 349 2017 415 2086; x_wconf 78' lang='grc' dir='ltr'>ΡΡ.</span> <span class='ocrx_word' id='word_1_139' title='bbox 438 2002 505 2086; x_wconf 81' lang='grc' dir='ltr'>ιιι.</span> <span class='ocrx_word' id='word_1_140' title='bbox 527 2020 637 2086; x_wconf 71' lang='lat' dir='ltr'>saera</span> <span class='ocrx_word' id='word_1_141' title='bbox 658 2017 764 2084; x_wconf 73' lang='lat' dir='ltr'>aaa</span> <span class='ocrx_word' id='word_1_142' title='bbox 782 2018 827 2084; x_wconf 79' lang='lat' dir='ltr'>aa</span> <span class='ocrx_word' id='word_1_143' title='bbox 847 2016 1022 2084; x_wconf 69' lang='lat' dir='ltr'>sosanna</span> <span class='ocrx_word' id='word_1_144' title='bbox 1037 1977 1214 2099; x_wconf 71' lang='lat' dir='ltr'>saansaan</span> <span class='ocrx_word' id='word_1_145' title='bbox 1236 2013 1407 2080; x_wconf 66' lang='lat' dir='ltr'>canosina</span> 
     </span>
     <span class='ocr_line' id='line_1_17' title="bbox 641 2123 990 2206; baseline 0 -18"><span class='ocrx_word' id='word_1_146' title='bbox 641 2123 808 2190; x_wconf 82' lang='lat' dir='ltr'>Bononiae</span> <span class='ocrx_word' id='word_1_147' title='bbox 829 2123 990 2206; x_wconf 80' lang='lat' dir='ltr'>eipeninn.</span> 
     </span>
    </p>
   </div>
   <div class='ocr_carea' id='block_1_10' title="bbox 10 2259 1432 2382">
    <p class='ocr_par' dir='ltr' id='par_1_10' title="bbox 10 2259 1432 2382">
     <span class='ocr_line' id='line_1_18' title="bbox 10 2259 1432 2382; baseline -0.003 -20"><span class='ocrx_word' id='word_1_148' title='bbox 10 2307 24 2316; x_wconf 44' lang='lat'>·‘</span> <span class='ocrx_word' id='word_1_149' title='bbox 70 2337 72 2340; x_wconf 87' lang='lat'>-</span> <span class='ocrx_word' id='word_1_150' title='bbox 101 2259 103 2262; x_wconf 67' lang='grc'><strong>’</strong></span> <span class='ocrx_word' id='word_1_151' title='bbox 186 2297 322 2365; x_wconf 70' lang='lat' dir='ltr'>aaran</span> <span class='ocrx_word' id='word_1_152' title='bbox 339 2297 419 2382; x_wconf 74' lang='lat' dir='ltr'>arro</span> <span class='ocrx_word' id='word_1_153' title='bbox 433 2296 557 2364; x_wconf 70' lang='lat' dir='ltr'>roanos</span> <span class='ocrx_word' id='word_1_154' title='bbox 570 2295 784 2380; x_wconf 64' lang='lat' dir='ltr'>separans</span> <span class='ocrx_word' id='word_1_155' title='bbox 808 2293 960 2361; x_wconf 64' lang='lat' dir='ltr'>nanas</span> <span class='ocrx_word' id='word_1_156' title='bbox 982 2293 1099 2376; x_wconf 61' lang='lat' dir='ltr'>rosaque</span> <span class='ocrx_word' id='word_1_157' title='bbox 1114 2291 1254 2360; x_wconf 68' lang='lat' dir='ltr'>aaaron</span> <span class='ocrx_word' id='word_1_158' title='bbox 1268 2293 1432 2375; x_wconf 69' lang='lat' dir='ltr'>aaaron·</span> 
     </span>
    </p>
   </div>
   <div class='ocr_carea' id='block_1_11' title="bbox 412 2395 1275 2489">
    <p class='ocr_par' dir='ltr' id='par_1_11' title="bbox 412 2395 1275 2489">
     <span class='ocr_line' id='line_1_19' title="bbox 412 2395 1275 2489; baseline -0.007 -20"><span class='ocrx_word' id='word_1_159' title='bbox 412 2401 579 2470; x_wconf 79' lang='lat' dir='ltr'>Societaiis</span> <span class='ocrx_word' id='word_1_160' title='bbox 592 2401 765 2485; x_wconf 75' lang='lat' dir='ltr'>juventutis</span> <span class='ocrx_word' id='word_1_161' title='bbox 787 2397 966 2468; x_wconf 82' lang='lat' dir='ltr'>caibolicae.</span> <span class='ocrx_word' id='word_1_162' title='bbox 1011 2395 1201 2465; x_wconf 78' lang='lat' dir='ltr'>Bononiam.</span> <span class='ocrx_word' id='word_1_163' title='bbox 1272 2483 1275 2489; x_wconf 21' lang='grc' dir='ltr'>Ι</span> 
     </span>
    </p>
   </div>
   <div class='ocr_carea' id='block_1_12' title="bbox 675 2573 938 2644">
    <p class='ocr_par' dir='ltr' id='par_1_12' title="bbox 675 2573 938 2644">
     <span class='ocr_line' id='line_1_20' title="bbox 675 2573 938 2644; baseline -0.008 0"><span class='ocrx_word' id='word_1_164' title='bbox 675 2575 770 2644; x_wconf 83' lang='lat' dir='ltr'>PIUS</span> <span class='ocrx_word' id='word_1_165' title='bbox 794 2575 857 2642; x_wconf 85' lang='grc' dir='ltr'>ΡΡ.</span> <span class='ocrx_word' id='word_1_166' title='bbox 880 2573 938 2642; x_wconf 84' lang='grc' dir='ltr'>ΙΧ.</span> 
     </span>
    </p>
   </div>
   <div class='ocr_carea' id='block_1_13' title="bbox 154 2707 1433 3021">
    <p class='ocr_par' dir='ltr' id='par_1_13' title="bbox 154 2707 1432 3018">
     <span class='ocr_line' id='line_1_21' title="bbox 290 2707 1432 2818; baseline -0.002 -19"><span class='ocrx_word' id='word_1_167' title='bbox 290 2733 407 2802; x_wconf 88' lang='lat' dir='ltr'>Dilecti</span> <span class='ocrx_word' id='word_1_168' title='bbox 427 2733 495 2813; x_wconf 90' lang='lat' dir='ltr'>filii,</span> <span class='ocrx_word' id='word_1_169' title='bbox 518 2734 652 2800; x_wconf 85' lang='lat' dir='ltr'>salutem</span> <span class='ocrx_word' id='word_1_170' title='bbox 674 2735 707 2800; x_wconf 91' lang='lat' dir='ltr'>et</span> <span class='ocrx_word' id='word_1_171' title='bbox 728 2732 929 2818; x_wconf 88' lang='lat' dir='ltr'>apostolicam</span> <span class='ocrx_word' id='word_1_172' title='bbox 959 2707 1215 2797; x_wconf 88' lang='lat' dir='ltr'>benedictionem</span> <span class='ocrx_word' id='word_1_173' title='bbox 1271 2723 1342 2797; x_wconf 83' lang='lat' dir='ltr'>Non</span> <span class='ocrx_word' id='word_1_174' title='bbox 1363 2731 1432 2797; x_wconf 90' lang='lat' dir='ltr'>sine</span> 
     </span>
     <span class='ocr_line' id='line_1_22' title="bbox 187 2835 1430 2922; baseline -0.002 -18"><span class='ocrx_word' id='word_1_175' title='bbox 187 2857 323 2905; x_wconf 89' lang='lat' dir='ltr'>moerore</span> <span class='ocrx_word' id='word_1_176' title='bbox 345 2838 537 2922; x_wconf 89' lang='lat' dir='ltr'>accepimus,</span> <span class='ocrx_word' id='word_1_177' title='bbox 560 2838 667 2904; x_wconf 86' lang='lat' dir='ltr'>dilecti</span> <span class='ocrx_word' id='word_1_178' title='bbox 688 2837 765 2918; x_wconf 91' lang='lat' dir='ltr'>filii,</span> <span class='ocrx_word' id='word_1_179' title='bbox 799 2855 865 2904; x_wconf 90' lang='lat' dir='ltr'>esse</span> <span class='ocrx_word' id='word_1_180' title='bbox 895 2837 976 2903; x_wconf 90' lang='lat' dir='ltr'>inter</span> <span class='ocrx_word' id='word_1_181' title='bbox 1010 2854 1065 2902; x_wconf 85' lang='lat' dir='ltr'>vos</span> <span class='ocrx_word' id='word_1_182' title='bbox 1095 2835 1323 2913; x_wconf 65' lang='lat' dir='ltr'>contentionem</span> <span class='ocrx_word' id='word_1_183' title='bbox 1358 2856 1430 2901; x_wconf 89' lang='lat' dir='ltr'>cum</span> 
     </span>
     <span class='ocr_line' id='line_1_23' title="bbox 154 2939 1433 3021; baseline -0.003 -13"><span class='ocrx_word' id='word_1_184' title='bbox 154 2961 156 2965; x_wconf 82' lang='lat'><em>·</em></span> <span class='ocrx_word' id='word_1_185' title='bbox 186 2943 241 3008; x_wconf 90' lang='lat' dir='ltr'>alii</span> <span class='ocrx_word' id='word_1_186' title='bbox 261 2943 361 3009; x_wconf 91' lang='lat' dir='ltr'>illecti</span> <span class='ocrx_word' id='word_1_187' title='bbox 382 2943 532 3017; x_wconf 76' lang='lat' dir='ltr'>doctrinis</span> <span class='ocrx_word' id='word_1_188' title='bbox 551 2943 706 3008; x_wconf 87' lang='lat' dir='ltr'>fautorum</span> <span class='ocrx_word' id='word_1_189' title='bbox 730 2940 955 3018; x_wconf 80' lang='lat' dir='ltr'>conciliationis</span> <span class='ocrx_word' id='word_1_190' title='bbox 977 2940 1044 3007; x_wconf 87' lang='lat' dir='ltr'>arbi</span> <span class='ocrx_word' id='word_1_191' title='bbox 1046 2941 1180 3021; x_wconf 87' lang='lat' dir='ltr'>trentnr,</span> <span class='ocrx_word' id='word_1_192' title='bbox 1204 2958 1240 3005; x_wconf 83' lang='lat' dir='ltr'>es</span> <span class='ocrx_word' id='word_1_193' title='bbox 1255 2939 1433 3005; x_wconf 90' lang='lat' dir='ltr'>humiliori·</span> 
     </span>
    </p>
   </div>
   <div class='ocr_carea' id='block_1_14' title="bbox 3 3023 1433 3243">
    <p class='ocr_par' dir='ltr' id='par_1_14' title="bbox 2 3023 1432 3234">
     <span class='ocr_line' id='line_1_24' title="bbox 3 3023 1432 3140; baseline -0.004 -26"><span class='ocrx_word' id='word_1_194' title='bbox 3 3121 6 3140; x_wconf 14' lang='grc' dir='ltr'><em>Β</em></span> <span class='ocrx_word' id='word_1_195' title='bbox 58 3035 62 3042; x_wconf 72' lang='grc'><em>’</em></span> <span class='ocrx_word' id='word_1_196' title='bbox 110 3093 114 3102; x_wconf 81' lang='lat'>-</span> <span class='ocrx_word' id='word_1_197' title='bbox 186 3048 245 3112; x_wconf 90' lang='lat' dir='ltr'>bns</span> <span class='ocrx_word' id='word_1_198' title='bbox 266 3047 418 3131; x_wconf 88' lang='lat' dir='ltr'>susceptis</span> <span class='ocrx_word' id='word_1_199' title='bbox 440 3047 583 3132; x_wconf 88' lang='lat' dir='ltr'>operibus</span> <span class='ocrx_word' id='word_1_200' title='bbox 605 3029 743 3112; x_wconf 87' lang='lat' dir='ltr'>animum</span> <span class='ocrx_word' id='word_1_201' title='bbox 762 3046 829 3130; x_wconf 87' lang='lat' dir='ltr'>jam</span> <span class='ocrx_word' id='word_1_202' title='bbox 852 3023 960 3110; x_wconf 86' lang='lat' dir='ltr'>adt</span> <span class='ocrx_word' id='word_1_203' title='bbox 914 3044 970 3112; x_wconf 91' lang='lat' dir='ltr'>alt</span> <span class='ocrx_word' id='word_1_204' title='bbox 961 3063 1038 3110; x_wconf 87' lang='lat' dir='ltr'>rora</span> <span class='ocrx_word' id='word_1_205' title='bbox 1049 3043 1231 3129; x_wconf 88' lang='lat' dir='ltr'>erigendum</span> <span class='ocrx_word' id='word_1_206' title='bbox 1256 3061 1333 3123; x_wconf 90' lang='lat' dir='ltr'>esse,</span> <span class='ocrx_word' id='word_1_207' title='bbox 1356 3063 1432 3109; x_wconf 91' lang='lat' dir='ltr'>con-</span> 
     </span>
     <span class='ocr_line' id='line_1_25' title="bbox 42 3147 1433 3243; baseline -0.004 -24.17"><span class='ocrx_word' id='word_1_208' title='bbox 42 3229 43 3232; x_wconf 20' lang='lat'>,</span> <span class='ocrx_word' id='word_1_209' title='bbox 185 3149 428 3234; x_wconf 78' lang='lat' dir='ltr'>uertendumque</span> <span class='ocrx_word' id='word_1_210' title='bbox 450 3152 490 3216; x_wconf 90' lang='lat' dir='ltr'>ad</span> <span class='ocrx_word' id='word_1_211' title='bbox 513 3150 689 3234; x_wconf 88' lang='lat' dir='ltr'>occupanda</span> <span class='ocrx_word' id='word_1_212' title='bbox 713 3149 902 3243; x_wconf 82' lang='lat' dir='ltr'>publicorum</span> <span class='ocrx_word' id='word_1_213' title='bbox 920 3150 1127 3216; x_wconf 85' lang='lat' dir='ltr'>conventuum</span> <span class='ocrx_word' id='word_1_214' title='bbox 1142 3147 1298 3228; x_wconf 89' lang='lat' dir='ltr'>subsellia,</span> <span class='ocrx_word' id='word_1_215' title='bbox 1321 3167 1338 3214; x_wconf 94' lang='lat' dir='ltr'>e</span> <span class='ocrx_word' id='word_1_216' title='bbox 1360 3167 1433 3232; x_wconf 91' lang='lat' dir='ltr'>qu1</span> 
     </span>
    </p>
   </div>
   <div class='ocr_carea' id='block_1_15' title="bbox 186 3250 1432 3653">
    <p class='ocr_par' dir='ltr' id='par_1_15' title="bbox 186 3250 1432 3653">
     <span class='ocr_line' id='line_1_26' title="bbox 186 3250 1432 3340; baseline -0.003 -19"><span class='ocrx_word' id='word_1_217' title='bbox 186 3255 245 3321; x_wconf 89' lang='lat' dir='ltr'>bus</span> <span class='ocrx_word' id='word_1_218' title='bbox 266 3254 384 3321; x_wconf 90' lang='lat' dir='ltr'>consuli</span> <span class='ocrx_word' id='word_1_219' title='bbox 404 3253 509 3322; x_wconf 81' lang='lat' dir='ltr'>valeat</span> <span class='ocrx_word' id='word_1_220' title='bbox 531 3252 726 3340; x_wconf 82' lang='lat' dir='ltr'>gravioribus</span> <span class='ocrx_word' id='word_1_221' title='bbox 749 3254 782 3319; x_wconf 88' lang='lat' dir='ltr'>et</span> <span class='ocrx_word' id='word_1_222' title='bbox 803 3252 999 3338; x_wconf 82' lang='lat' dir='ltr'>generalibus</span> <span class='ocrx_word' id='word_1_223' title='bbox 1014 3252 1173 3319; x_wconf 78' lang='lat' dir='ltr'>Ecclesiae</span> <span class='ocrx_word' id='word_1_224' title='bbox 1189 3251 1351 3337; x_wconf 83' lang='lat' dir='ltr'>negociis:</span> <span class='ocrx_word' id='word_1_225' title='bbox 1374 3250 1432 3317; x_wconf 88' lang='lat' dir='ltr'>alii</span> 
     </span>
     <span class='ocr_line' id='line_1_27' title="bbox 187 3356 1430 3440; baseline -0.004 -13"><span class='ocrx_word' id='word_1_226' title='bbox 187 3378 258 3427; x_wconf 87' lang='lat' dir='ltr'>vero</span> <span class='ocrx_word' id='word_1_227' title='bbox 280 3375 441 3440; x_wconf 90' lang='lat' dir='ltr'>memores,</span> <span class='ocrx_word' id='word_1_228' title='bbox 464 3376 496 3426; x_wconf 93' lang='lat' dir='ltr'>se</span> <span class='ocrx_word' id='word_1_229' title='bbox 517 3357 551 3423; x_wconf 93' lang='lat' dir='ltr'>iu</span> <span class='ocrx_word' id='word_1_230' title='bbox 573 3357 747 3424; x_wconf 87' lang='lat' dir='ltr'>subsidium</span> <span class='ocrx_word' id='word_1_231' title='bbox 771 3357 921 3425; x_wconf 87' lang='lat' dir='ltr'>coaluisse</span> <span class='ocrx_word' id='word_1_232' title='bbox 943 3356 1118 3435; x_wconf 78' lang='lat' dir='ltr'>Ecclesiae,</span> <span class='ocrx_word' id='word_1_233' title='bbox 1142 3357 1296 3438; x_wconf 87' lang='lat' dir='ltr'>censeant,</span> <span class='ocrx_word' id='word_1_234' title='bbox 1320 3357 1430 3423; x_wconf 90' lang='lat' dir='ltr'>tenen-</span> 
     </span>
     <span class='ocr_line' id='line_1_28' title="bbox 187 3461 1432 3547; baseline -0.001 -18"><span class='ocrx_word' id='word_1_235' title='bbox 187 3464 259 3531; x_wconf 88' lang='lat' dir='ltr'>dam</span> <span class='ocrx_word' id='word_1_236' title='bbox 280 3462 341 3529; x_wconf 89' lang='lat' dir='ltr'>sibi</span> <span class='ocrx_word' id='word_1_237' title='bbox 363 3481 430 3530; x_wconf 89' lang='lat' dir='ltr'>esse</span> <span class='ocrx_word' id='word_1_238' title='bbox 452 3462 534 3528; x_wconf 89' lang='lat' dir='ltr'>viam</span> <span class='ocrx_word' id='word_1_239' title='bbox 564 3465 602 3530; x_wconf 93' lang='lat' dir='ltr'>ab</span> <span class='ocrx_word' id='word_1_240' title='bbox 628 3462 839 3530; x_wconf 85' lang='lat' dir='ltr'>ecclesiastica</span> <span class='ocrx_word' id='word_1_241' title='bbox 866 3461 1052 3528; x_wconf 85' lang='lat' dir='ltr'>auctoritate</span> <span class='ocrx_word' id='word_1_242' title='bbox 1080 3461 1295 3547; x_wconf 86' lang='lat' dir='ltr'>designatam,</span> <span class='ocrx_word' id='word_1_243' title='bbox 1328 3463 1360 3527; x_wconf 90' lang='lat' dir='ltr'>et</span> <span class='ocrx_word' id='word_1_244' title='bbox 1394 3481 1432 3528; x_wconf 86' lang='lat' dir='ltr'>ea</span> 
     </span>
     <span class='ocr_line' id='line_1_29' title="bbox 187 3563 1430 3653; baseline -0.001 -19"><span class='ocrx_word' id='word_1_245' title='bbox 187 3567 382 3653; x_wconf 90' lang='lat' dir='ltr'>provehenda</span> <span class='ocrx_word' id='word_1_246' title='bbox 403 3563 462 3634; x_wconf 88' lang='lat' dir='ltr'>sibi</span> <span class='ocrx_word' id='word_1_247' title='bbox 486 3566 683 3650; x_wconf 89' lang='lat' dir='ltr'>potissimum</span> <span class='ocrx_word' id='word_1_248' title='bbox 698 3585 783 3648; x_wconf 93' lang='lat' dir='ltr'>esse,</span> <span class='ocrx_word' id='word_1_249' title='bbox 806 3585 901 3651; x_wconf 91' lang='lat' dir='ltr'>quae,</span> <span class='ocrx_word' id='word_1_250' title='bbox 933 3565 1003 3650; x_wconf 91' lang='lat' dir='ltr'>ipsa</span> <span class='ocrx_word' id='word_1_251' title='bbox 1022 3567 1172 3632; x_wconf 87' lang='lat' dir='ltr'>suadente</span> <span class='ocrx_word' id='word_1_252' title='bbox 1194 3567 1249 3632; x_wconf 91' lang='lat' dir='ltr'>aut</span> <span class='ocrx_word' id='word_1_253' title='bbox 1270 3566 1430 3650; x_wconf 88' lang='lat' dir='ltr'>probante,</span> 
     </span>
    </p>
   </div>
   <div class='ocr_carea' id='block_1_16' title="bbox 142 3671 1430 3758">
    <p class='ocr_par' dir='ltr' id='par_1_16' title="bbox 1 3624 1430 3768">
     <span class='ocr_line' id='line_1_30' title="bbox 142 3671 1430 3758; baseline -0.007 -12.987"><span class='ocrx_word' id='word_1_254' title='bbox 142 3731 146 3736; x_wconf 89' lang='lat'>.</span> <span class='ocrx_word' id='word_1_255' title='bbox 187 3673 409 3758; x_wconf 83' lang='lat' dir='ltr'>susceperuut,</span> <span class='ocrx_word' id='word_1_256' title='bbox 440 3671 536 3738; x_wconf 89' lang='lat' dir='ltr'>donee</span> <span class='ocrx_word' id='word_1_257' title='bbox 558 3671 665 3738; x_wconf 86' lang='lat' dir='ltr'>eadem</span> <span class='ocrx_word' id='word_1_258' title='bbox 688 3671 859 3738; x_wconf 88' lang='lat' dir='ltr'>auctoritas</span> <span class='ocrx_word' id='word_1_259' title='bbox 881 3671 973 3737; x_wconf 89' lang='lat' dir='ltr'>aliter</span> <span class='ocrx_word' id='word_1_260' title='bbox 995 3671 1149 3756; x_wconf 89' lang='lat' dir='ltr'>agendum</span> <span class='ocrx_word' id='word_1_261' title='bbox 1172 3671 1312 3738; x_wconf 83' lang='lat' dir='ltr'>suadeat.</span> <span class='ocrx_word' id='word_1_262' title='bbox 1355 3671 1430 3736; x_wconf 85' lang='lat' dir='ltr'>Jam</span> 
     </span>
    </p>
   </div>
   <div class='ocr_carea' id='block_1_17' title="bbox 186 3774 1429 3966">
    <p class='ocr_par' dir='ltr' id='par_1_17' title="bbox 186 3774 1429 3966">
     <span class='ocr_line' id='line_1_31' title="bbox 187 3774 1429 3858; baseline -0.002 -15"><span class='ocrx_word' id='word_1_263' title='bbox 187 3796 269 3856; x_wconf 81' lang='lat' dir='ltr'>vero,</span> <span class='ocrx_word' id='word_1_264' title='bbox 293 3795 364 3843; x_wconf 90' lang='lat' dir='ltr'>cum</span> <span class='ocrx_word' id='word_1_265' title='bbox 385 3776 462 3843; x_wconf 88' lang='lat' dir='ltr'>baec</span> <span class='ocrx_word' id='word_1_266' title='bbox 485 3776 657 3842; x_wconf 85' lang='lat' dir='ltr'>auctoritas</span> <span class='ocrx_word' id='word_1_267' title='bbox 678 3776 814 3842; x_wconf 86' lang='lat' dir='ltr'>nondum</span> <span class='ocrx_word' id='word_1_268' title='bbox 837 3775 1023 3854; x_wconf 85' lang='lat' dir='ltr'>definiverit,</span> <span class='ocrx_word' id='word_1_269' title='bbox 1045 3774 1142 3842; x_wconf 88' lang='lat' dir='ltr'>liceat</span> <span class='ocrx_word' id='word_1_270' title='bbox 1163 3795 1219 3841; x_wconf 89' lang='lat' dir='ltr'>nec</span> <span class='ocrx_word' id='word_1_271' title='bbox 1242 3794 1289 3855; x_wconf 91' lang='lat' dir='ltr'>ne,</span> <span class='ocrx_word' id='word_1_272' title='bbox 1314 3776 1347 3842; x_wconf 91' lang='lat' dir='ltr'>et</span> <span class='ocrx_word' id='word_1_273' title='bbox 1369 3791 1429 3858; x_wconf 91' lang='lat' dir='ltr'>quo</span> 
     </span>
     <span class='ocr_line' id='line_1_32' title="bbox 186 3874 1428 3966; baseline -0.003 -18"><span class='ocrx_word' id='word_1_274' title='bbox 186 3882 288 3966; x_wconf 90' lang='lat' dir='ltr'>pacto,</span> <span class='ocrx_word' id='word_1_275' title='bbox 309 3881 492 3965; x_wconf 88' lang='lat' dir='ltr'>praesertim</span> <span class='ocrx_word' id='word_1_276' title='bbox 514 3874 569 3964; x_wconf 89' lang='lat' dir='ltr'>pro</span> <span class='ocrx_word' id='word_1_277' title='bbox 592 3879 725 3946; x_wconf 89' lang='lat' dir='ltr'>dictione</span> <span class='ocrx_word' id='word_1_278' title='bbox 746 3880 882 3961; x_wconf 88' lang='lat' dir='ltr'>Nostra,</span> <span class='ocrx_word' id='word_1_279' title='bbox 905 3879 1039 3964; x_wconf 87' lang='lat' dir='ltr'>publicis</span> <span class='ocrx_word' id='word_1_280' title='bbox 1060 3899 1094 3946; x_wconf 90' lang='lat' dir='ltr'>se</span> <span class='ocrx_word' id='word_1_281' title='bbox 1116 3879 1255 3966; x_wconf 83' lang='lat' dir='ltr'>ingerere</span> <span class='ocrx_word' id='word_1_282' title='bbox 1277 3879 1428 3964; x_wconf 86' lang='lat' dir='ltr'>negotiis:</span> 
     </span>
    </p>
   </div>
   <div class='ocr_carea' id='block_1_18' title="bbox 54 3984 1428 4080">
    <p class='ocr_par' dir='ltr' id='par_1_18' title="bbox 54 3984 1428 4080">
     <span class='ocr_line' id='line_1_33' title="bbox 54 3984 1428 4080; baseline 0 -30"><span class='ocrx_word' id='word_1_283' title='bbox 54 3987 55 3992; x_wconf 76' lang='grc'>’</span> <span class='ocrx_word' id='word_1_284' title='bbox 163 3985 316 4070; x_wconf 89' lang='lat' dir='ltr'>&#39;probare</span> <span class='ocrx_word' id='word_1_285' title='bbox 338 3985 473 4069; x_wconf 88' lang='lat' dir='ltr'>proiecto</span> <span class='ocrx_word' id='word_1_286' title='bbox 495 3985 657 4071; x_wconf 88' lang='lat' dir='ltr'>nequimus</span> <span class='ocrx_word' id='word_1_287' title='bbox 679 3985 804 4052; x_wconf 89' lang='lat' dir='ltr'>illorum</span> <span class='ocrx_word' id='word_1_288' title='bbox 827 3985 1001 4064; x_wconf 88' lang='lat' dir='ltr'>consilium,</span> <span class='ocrx_word' id='word_1_289' title='bbox 1024 3985 1077 4080; x_wconf 88' lang='lat' dir='ltr'>qui</span> <span class='ocrx_word' id='word_1_290' title='bbox 1100 4003 1206 4051; x_wconf 88' lang='lat' dir='ltr'>sacrae</span> <span class='ocrx_word' id='word_1_291' title='bbox 1230 3984 1428 4051; x_wconf 88' lang='lat' dir='ltr'>auctoritatis</span> 
     </span>
    </p>
   </div>
   <div class='ocr_carea' id='block_1_19' title="bbox 187 4088 1430 4176">
    <p class='ocr_par' dir='ltr' id='par_1_19' title="bbox 187 4088 1430 4176">
     <span class='ocr_line' id='line_1_34' title="bbox 187 4088 1430 4176; baseline 0.001 -22"><span class='ocrx_word' id='word_1_292' title='bbox 187 4089 339 4173; x_wconf 89' lang='lat' dir='ltr'>placitum</span> <span class='ocrx_word' id='word_1_293' title='bbox 367 4089 611 4172; x_wconf 82' lang='lat' dir='ltr'>antevertentes,</span> <span class='ocrx_word' id='word_1_294' title='bbox 642 4108 710 4156; x_wconf 90' lang='lat' dir='ltr'>eam</span> <span class='ocrx_word' id='word_1_295' title='bbox 733 4091 837 4176; x_wconf 85' lang='lat' dir='ltr'>potius</span> <span class='ocrx_word' id='word_1_296' title='bbox 858 4089 1086 4174; x_wconf 87' lang='lat' dir='ltr'>praeeundem,</span> <span class='ocrx_word' id='word_1_297' title='bbox 1119 4108 1213 4173; x_wconf 90' lang='lat' dir='ltr'>quam</span> <span class='ocrx_word' id='word_1_298' title='bbox 1242 4088 1430 4174; x_wconf 90' lang='lat' dir='ltr'>sequendam</span> 
     </span>
    </p>
   </div>
   <div class='ocr_carea' id='block_1_20' title="bbox 26 4192 379 4278">
    <p class='ocr_par' dir='ltr' id='par_1_20' title="bbox 26 4192 379 4278">
     <span class='ocr_line' id='line_1_35' title="bbox 26 4192 379 4278; baseline 0.003 -17"><span class='ocrx_word' id='word_1_299' title='bbox 26 4233 29 4240; x_wconf 69' lang='grc'><strong><em>«</em></strong></span> <span class='ocrx_word' id='word_1_300' title='bbox 62 4271 63 4278; x_wconf 7' lang='grc' dir='ltr'>ἵ</span> <span class='ocrx_word' id='word_1_301' title='bbox 189 4192 379 4263; x_wconf 82' lang='lat' dir='ltr'>existimant.</span> 
     </span>
    </p>
   </div>
   <div class='ocr_carea' id='block_1_21' title="bbox 189 4328 1432 4522">
    <p class='ocr_par' dir='ltr' id='par_1_21' title="bbox 189 4328 1432 4522">
     <span class='ocr_line' id='line_1_36' title="bbox 292 4328 1431 4418; baseline -0.001 -19"><span class='ocrx_word' id='word_1_302' title='bbox 292 4331 380 4415; x_wconf 81' lang='lat' dir='ltr'>Quod</span> <span class='ocrx_word' id='word_1_303' title='bbox 403 4352 479 4406; x_wconf 34' lang='lat' dir='ltr'>sane,</span> <span class='ocrx_word' id='word_1_304' title='bbox 496 4332 670 4414; x_wconf 88' lang='lat' dir='ltr'>consilium,</span> <span class='ocrx_word' id='word_1_305' title='bbox 691 4351 772 4400; x_wconf 91' lang='lat' dir='ltr'>nunc</span> <span class='ocrx_word' id='word_1_306' title='bbox 796 4332 908 4400; x_wconf 85' lang='lat' dir='ltr'>saltem</span> <span class='ocrx_word' id='word_1_307' title='bbox 929 4328 1186 4418; x_wconf 85' lang='lat' dir='ltr'>inopportunum,</span> <span class='ocrx_word' id='word_1_308' title='bbox 1214 4350 1251 4400; x_wconf 88' lang='lat' dir='ltr'>ea</span> <span class='ocrx_word' id='word_1_309' title='bbox 1272 4331 1368 4399; x_wconf 87' lang='lat' dir='ltr'>etiam</span> <span class='ocrx_word' id='word_1_310' title='bbox 1392 4333 1431 4398; x_wconf 91' lang='lat' dir='ltr'>de</span> 
     </span>
     <span class='ocr_line' id='line_1_37' title="bbox 189 4435 1432 4522; baseline -0.002 -18"><span class='ocrx_word' id='word_1_311' title='bbox 189 4435 464 4522; x_wconf 78' lang='lat' dir='ltr'>cauendisplicet,</span> <span class='ocrx_word' id='word_1_312' title='bbox 487 4437 569 4522; x_wconf 92' lang='lat' dir='ltr'>quod</span> <span class='ocrx_word' id='word_1_313' title='bbox 591 4456 651 4505; x_wconf 91' lang='lat' dir='ltr'>non</span> <span class='ocrx_word' id='word_1_314' title='bbox 674 4438 829 4504; x_wconf 91' lang='lat' dir='ltr'>immerito</span> <span class='ocrx_word' id='word_1_315' title='bbox 851 4456 1030 4518; x_wconf 85' lang='lat' dir='ltr'>vereamur,</span> <span class='ocrx_word' id='word_1_316' title='bbox 1064 4456 1102 4503; x_wconf 91' lang='lat' dir='ltr'>ne</span> <span class='ocrx_word' id='word_1_317' title='bbox 1125 4437 1223 4505; x_wconf 83' lang='lat' dir='ltr'>Satan</span> <span class='ocrx_word' id='word_1_318' title='bbox 1245 4456 1278 4504; x_wconf 92' lang='lat' dir='ltr'>se</span> <span class='ocrx_word' id='word_1_319' title='bbox 1305 4437 1432 4502; x_wconf 86' lang='lat' dir='ltr'>transii-</span> 
     </span>
    </p>
   </div>
   <div class='ocr_carea' id='block_1_22' title="bbox 105 4539 1432 4630">
    <p class='ocr_par' dir='ltr' id='par_1_22' title="bbox 6 4539 1432 4630">
     <span class='ocr_line' id='line_1_38' title="bbox 105 4539 1432 4630; baseline -0.004 -18.417"><span class='ocrx_word' id='word_1_320' title='bbox 105 4623 107 4626; x_wconf 32' lang='lat'>,</span> <span class='ocrx_word' id='word_1_321' title='bbox 174 4541 357 4630; x_wconf 84' lang='lat' dir='ltr'>guraverit,</span> <span class='ocrx_word' id='word_1_322' title='bbox 379 4539 438 4608; x_wconf 95' lang='lat' dir='ltr'>boc</span> <span class='ocrx_word' id='word_1_323' title='bbox 459 4541 491 4608; x_wconf 93' lang='lat' dir='ltr'>in</span> <span class='ocrx_word' id='word_1_324' title='bbox 514 4561 598 4622; x_wconf 91' lang='lat' dir='ltr'>casu,</span> <span class='ocrx_word' id='word_1_325' title='bbox 620 4541 654 4630; x_wconf 83' lang='lat' dir='ltr'>in</span> <span class='ocrx_word' id='word_1_326' title='bbox 676 4542 821 4628; x_wconf 85' lang='lat' dir='ltr'>angelum</span> <span class='ocrx_word' id='word_1_327' title='bbox 842 4541 932 4608; x_wconf 86' lang='lat' dir='ltr'>lucie.</span> <span class='ocrx_word' id='word_1_328' title='bbox 976 4541 1018 4608; x_wconf 83' lang='grc' dir='ltr'>ιιι</span> <span class='ocrx_word' id='word_1_329' title='bbox 1039 4560 1121 4624; x_wconf 92' lang='lat' dir='ltr'>sane,</span> <span class='ocrx_word' id='word_1_330' title='bbox 1146 4543 1173 4610; x_wconf 92' lang='lat' dir='ltr'>si</span> <span class='ocrx_word' id='word_1_331' title='bbox 1192 4543 1327 4609; x_wconf 88' lang='lat' dir='ltr'>mentem</span> <span class='ocrx_word' id='word_1_332' title='bbox 1350 4540 1432 4626; x_wconf 87' lang='lat' dir='ltr'>adji-</span> 
     </span>
    </p>
   </div>
   <div class='ocr_carea' id='block_1_23' title="bbox 0 0 1592 4882">
    <p class='ocr_par' dir='ltr' id='par_1_23' title="bbox 0 0 1592 4882">
     <span class='ocr_line' id='line_1_39' title="bbox 0 0 1592 4882; baseline 0 0"><span class='ocrx_word' id='word_1_333' title='bbox 0 0 1592 4882; x_wconf 95' lang='lat' dir='ltr'> </span> 
     </span>
    </p>
   </div>
  </div>
 </body>
</html>
