790 1221
97 52 119 68 36
190 56 216 69 Pa·
225 56 279 73 Papae
288 55 314 69 rx.
325 56 400 69 allocutio
411 55 464 69 habita
473 55 498 69 du
507 55 529 68 12.
540 55 597 68 Martii
606 54 648 68 1877.

97 99 193 120 apostolatus
209 98 259 115 officio
275 98 321 115 debet
336 98 398 119 quidem
414 98 430 114 et
441 98 487 114 vellet
503 98 527 114 tot
538 98 584 114 malis
599 102 688 117 occurrere,
703 98 720 113 at

97 125 152 142 contra
162 125 234 141 omnibus
246 125 301 141 mediis
313 125 329 141 et
341 124 436 144 rationibus,
451 124 493 141 omui
507 124 590 145 potestatis
600 123 673 140 exercitio
687 124 720 144 pri-

97 151 151 171 vatur„
168 156 197 172 quo
209 151 258 172 possit
269 151 294 167 vel
304 150 331 167 uni
342 151 405 167 tantum
417 155 435 167 ex
449 150 473 166 tot
491 150 538 172 malis
551 150 637 166 necessaria
651 149 720 166 remedia

97 177 175 196 adhibere,
187 177 203 193 et
214 177 295 193 animabus
306 177 323 193 in
334 177 398 193 exitium
409 176 490 193 ruentibus
501 181 545 197 opem
557 176 600 192 serre.
618 176 649 192 Hic
656 175 720 192 taudem

97 203 126 223 est,
137 203 236 220 Venerabiles
246 203 317 222 Fratres,
332 201 384 219 statu's
395 203 420 219 cui
431 203 494 219 subesse
505 203 575 224 cogimur
585 207 631 223 opera
642 202 676 223 ejus
686 202 720 219 Gu-

96 229 152 249 beruii,
163 229 203 250 quod
216 229 232 245 in
243 229 273 245 hac
284 229 322 245 urbe
334 229 428 249 dominatur,
440 229 478 245 haec
489 229 513 245 est
524 229 552 245 illa
563 229 628 245 libertas
639 229 655 244 et
666 229 719 249 potes-

96 257 121 273 tas
133 255 214 271 exercendi
225 255 308 271 ministerii
319 255 377 274 uestri.
389 255 434 275 cujus
445 255 506 271 nomine
518 255 604 271 abutuntur
618 254 635 271 et
645 259 676 275 qua
687 254 720 271 Nos

96 281 143 302 potiri
157 281 256 302 impudenter
268 281 354 302 jactitant:
372 281 436 297 libertas
451 280 511 297 scilicet
526 281 588 297 videndi
603 280 719 297 demolitionem

97 307 113 323 in
124 307 157 323 dies
169 307 261 323 deteriorem
274 307 332 323 ordinis
348 307 364 323 et
375 307 492 323 constitutionis
506 307 646 323 ecclesiasticarum
661 311 718 326 rerum,

96 333 158 350 videndi
169 333 234 350 exitium
246 333 342 352 animarum,
354 333 391 354 quin
403 338 464 354 operam
474 333 543 349 nostram
555 333 612 349 ad'tot
622 333 680 349 damna
691 338 719 354 op-

96 360 161 380 portune
167 359 253 380 reparanda
265 359 353 380 impendere
365 359 381 375 et
392 364 449 376 navare
460 359 541 380 possimus.
559 359 588 375 His
600 359 623 375 ita
633 364 649 375 se
661 359 720 375 haben—

96 385 139 401 tibus
152 390 201 402 nonne
213 390 252 409 nova
262 385 360 402 amarulenta
370 385 421 402 irrisio
432 386 449 401 et
459 385 544 401 ludibrium
560 385 680 402 existimandum
695 385 720 401 est

95 411 135 427 illud
148 412 188 432 quod
200 416 245 432 saepe
257 412 319 431 dieitur,
332 416 387 432 nempe
398 411 453 428 debere
463 412 496 428 Nos
508 411 621 428 conciliationis
629 412 645 428 et
656 416 719 428 coneor-

96 437 131 454 diae
142 437 206 454 consilia
218 442 253 454 oum
265 437 308 454 novis
320 437 444 454 dominatoribus
454 437 498 457 inire,
511 442 546 454 cum
557 437 596 454 haec
607 437 721 454 conciliationis

96 463 136 480 rat-io
148 468 178 480 non
189 464 232 480 aliud
243 468 261 480 ex
272 464 316 485 parte
328 464 381 480 nostra
390 463 437 483 esset,
449 463 478 480 nisi
490 463 551 480 omnino
562 463 626 484 prodere
634 468 663 480 uon
675 463 721 480 modo

97 494 158 506 summa
169 489 236 506 Sanctae
247 489 294 510 hujus
304 489 348 506 Sedis
358 490 399 510 jura,
411 494 450 510 quae
462 490 542 511 tamquam
554 494 614 506 sacrum
628 490 644 506 et
654 489 721 506 inviola-

96 512 125 531 lJili
136 516 224 536 depositum
236 516 255 532 ad
267 515 307 532 hanc
318 520 406 536 supremam
421 516 512 532 cathedram
523 516 573 532 evecti
587 516 688 532 custodienda
701 520 721 532 ac

96 541 155 558 tuenda
166 542 258 563 recepimus,
270 541 297 558 sed
309 541 356 558 etiam
368 542 384 558 et
395 542 477 563 praecipue
488 542 552 562 prodere
564 542 633 558 div-inum
648 542 720 558 ministe-

97 567 138 584 rium
149 568 198 584 Nobis
209 573 237 589 pro
252 568 304 584 salute
315 568 402 584 animarum
417 568 525 588 commissum,
540 568 605 584 tradere·
616 568 721 584 hereditatem

96 593 156 610 Christi
167 594 183 610 iu
196 599 251 610 manus
259 594 357 610 auctoritatis
368 594 466 615 hujusmodi,
482 594 526 615 cujus
537 599 583 615 opera
593 594 613 610 ad
627 594 678 615 ipsum
692 598 721 610 ca-

97 620 166 636 thol-icae
173 620 253 641 religionis
261 625 321 639 nomen,
333 620 347 637 si
354 620 388 637 fieri
395 621 452 641 posset,
464 620 553 640 delendum,
562 620 663 641 diriguntur?
674 620 721 636 Nunc

96 646 165 667 profecto
171 647 247 662 terrarum
259 646 293 663 orbi
301 646 343 663 claro
354 646 370 662 in
382 646 440 663 lumine
446 646 518 667 omnique
527 651 545 662 ex
556 646 601 667 parte
612 646 722 667 conspicienda

96 672 180 693 praebetur
186 672 209 689 vis
216 672 260 693 vigor
264 672 302 689 fides
309 677 361 688 earum
368 672 489 692 concessionum,
495 672 551 693 quibus
557 672 576 688 ad
585 672 653 689 fidelium
659 672 721 689 illusio-

96 703 132 714 nem
143 698 196 714 hostes
207 698 256 714 nostri
267 698 357 714 libertatem
369 698 385 714 et
396 698 490 719 dignitatem
502 698 568 714 Romani
580 698 661 715 Pontificis
677 698 721 715 tueri

95 728 112 740 se
123 724 163 740 velle
174 724 281 744 ostentarunt,
298 729 337 745 quae
351 724 470 740 fundamentum
486 729 531 740 snum
546 724 614 745 positum
630 724 688 741 habent
702 724 720 741 in

95 750 160 766 arbitrio
172 755 190 766 ac
201 750 255 766 hostili
267 750 348 766 voluntate
359 750 454 771 reipublicae
464 750 578 767 moderatorum
589 755 653 771 quorum
664 750 680 766 in
691 755 720 771 po-

95 776 154 793 testate
165 777 189 792 est
197 776 243 797 juxta
254 781 282 792 sua
295 776 360 792 consilia
371 776 387 792 et
398 776 474 796 rationes,
489 781 507 792 ac
517 781 545 797 pro
558 776 610 793 lubitu
622 781 647 793 eas
659 777 718 797 aptare,

95 806 162 822 servare,
173 802 276 823 interpretari,
288 802 335 823 atque
343 802 429 819 executioni
441 802 519 819 mandare.
538 802 663 824 Haudquaquam
671 804 719 823 certe,

96 828 216 849 haudquaquam
226 828 303 844 Romanus
315 828 386 844 Pontifex
397 829 421 845 est
435 829 463 845 aut
474 829 504 845 erit
518 833 586 849 uuquam
601 829 656 850 plenae
671 829 719 845 liber—

95 854 134 870 tatis
144 858 213 875 oompos,
226 859 244 870 ac
256 858 293 870 suae
304 854 359 875 plenae
371 854 458 875 potestatis.
470 854 519 871 donec
530 854 565 871 aliis
574 855 590 871 in
602 855 639 871 urbe
651 860 679 872 sua
690 855 719 872 do-

95 880 190 896 minantibus
206 880 303 901 suhjioiatur,
332 880 368 897 Alia
383 880 417 901 ejus
431 885 464 896 sors
475 880 533 897 Romae
543 885 577 897 esse
588 886 618 897 non
628 881 681 902 potest
688 881 719 898 uisi

95 907 122 922 aut
134 906 202 927 supremi
213 906 289 927 Principis
301 907 328 923 aut
340 906 407 927 captivi:
424 911 452 923 hec
462 912 531 928 unquam
542 907 628 923 catholicae
639 907 718 924 Ecclesiae

95 932 176 949 universae
187 937 222 953 pax,
234 932 315 952 securitas,
326 932 434 953 tranquillitas
445 933 515 949 constare
526 933 589 953 poterit,
601 933 649 949 doneo
660 933 718 950 exer'ci-

95 958 134 975 tium
146 958 215 979 supremi
226 959 307 979 apostolici
321 958 404 975 ministerii
416 959 497 975 obnoxium
511 959 559 975 fuerit
573 959 629 975 studiis
643 959 717 980 partium,

95 984 159 1001 arbitrio
174 984 296 1005 dominantium,
312 985 371 1001 vicibus
387 985 484 1005 politicarum
500 985 602 1004 electionum,
618 985 686 1001 consiliis
701 986 718 1002 et

95 1010 166 1031 operibus
178 1010 259 1027 homiuum
270 1010 361 1027 callidorum
373 1015 392 1027 ac
403 1011 489 1027 utilitatem
503 1011 576 1032 justitiae
591 1011 716 1032 praeferentium.

147 1037 169 1053 At
179 1037 195 1052 in
206 1036 255 1053 tantis
267 1037 322 1056 malis,
338 1037 381 1058 queis
392 1037 481 1053 laboramus
492 1038 508 1054 et
519 1037 610 1058 premimur,
622 1042 641 1054 ue
652 1038 716 1059 putetis,

95 1062 195 1079 Venerabilea
206 1062 273 1083 ffiatres,
286 1063 313 1079 aut
325 1063 393 1079 animum
405 1063 481 1079 Nostrum
498 1063 565 1080 fractum
583 1063 672 1083 concidere,
689 1064 717 1080 aut

95 1088 138 1104 illam
150 1088 166 1104 in
177 1088 226 1105 Nobis
237 1088 310 1105 fiduciam
321 1088 395 1109 deficere,
411 1093 442 1110 qua
453 1089 568 1110 Omnipoteutis
582 1090 598 1106 et
609 1090 673 1106 Aeterni
689 1090 717 1106 de-

95 1114 138 1130 creta
148 1115 251 1135 expectamus.
274 1112 307 1131 Nos
318 1114 380 1135 quidem
392 1115 473 1131 eonsilium
485 1120 520 1131 cum
532 1115 614 1132 inissemus
625 1116 661 1137 post
671 1121 717 1132 occu-

95 1140 173 1160 pationem
189 1140 252 1156 ditionis
267 1140 334 1157 Nostrae
349 1141 408 1157 Romae
423 1141 475 1161 potius
489 1141 562 1158 manendi
578 1146 624 1163 quam
641 1142 716 1163 querendi
