3162 4882
612 831 765 914 llllerm
791 833 1021 936 apostolieae.

14 1041 19 1070 ι
47 1071 48 1074 ,
201 947 322 1086 aaroni
343 1003 531 1071 Conceditur
551 1003 759 1072 Serenissimo
782 1005 863 1088 Regi
884 1006 1049 1072 Bononiae
1071 1007 1235 1072 Indnitnm
1247 1009 1448 1076 Nominandi

99 1139 101 1144 ·
200 1111 256 1176 Ad
277 1109 371 1176 Dacos
393 1109 687 1191 Archiepiacopoles
708 1109 754 1176 Ei
774 1109 837 1176 Sea
847 1109 1055 1192 Episcopatus
1078 1109 1239 1177 Ecclesiae
1258 1113 1300 1178 In
1314 1112 1447 1180 Ditione
1572 1199 1573 1202 Ἴ

11 1213 25 1236 ’·
272 1265 275 1272 .
398 1212 573 1278 Buconica.
619 1211 703 1297 (Csr.
727 1210 916 1280 Concordoii
939 1213 1062 1280 Bonan.
1086 1221 1147 1281 ori.
1171 1213 1249 1300 IX.)
1571 1207 1573 1244 u

386 1351 481 1418 PIUS
503 1350 728 1418 EPlSCOPUS
752 1351 909 1419 SERVUS
933 1351 1159 1420 SERVORUM
1182 1353 1264 1420 DEI.

548 1493 604 1558 Ad
618 1481 808 1580 perpetuom
829 1493 878 1560 rei
899 1493 1092 1560 memoriam.

307 1628 473 1698 Carissimo
495 1632 528 1696 in
550 1631 674 1698 Christo
696 1632 777 1699 Eilio
799 1633 915 1700 Nostro
937 1632 1153 1699 Maximiliano
1176 1633 1312 1718 Josepho
1336 1635 1444 1701 Bava-

202 1736 267 1801 riae
290 1736 369 1820 Regi
392 1736 508 1802 illustri
531 1736 669 1804 Salutem
693 1739 725 1804 ot
746 1738 958 1823 Apostohcam
974 1737 1235 1806 Benedictionom.

310 1841 458 1925 Prompta
487 1860 524 1907 ao
552 1842 603 1926 pia
626 1843 769 1909 voluntas
792 1843 864 1924 illa,
896 1863 1001 1936 quam,
1017 1844 1142 1928 egregie
1172 1845 1333 1911 ostendisti
1362 1865 1445 1929 oum,

11 1903 65 2020 3‘4
206 1964 281 2030 paco
303 1944 460 2027 restituta,
485 1947 516 2012 et
536 1946 670 2031 publicis
693 1948 870 2032 compositis
892 1949 1002 2028 rebus,
1033 1951 1153 2015 summo
1178 1949 1281 2015 studio
1305 1968 1324 2015 a
1346 1951 1448 2026 Nobis

204 2049 388 2133 postulasti,
417 2050 453 2114 ut
482 2068 531 2116 res
558 2051 795 2117 Ecclesiasticae
812 2051 856 2117 ‚in
880 2052 987 2137 Regno
1018 2054 1072 2118 tuo
1102 2053 1318 2136 perturbatae,
1352 2053 1448 2138 hujus

67 2167 69 2172 ·
207 2154 341 2221 Sanctae
363 2152 451 2220 Sedis
481 2157 667 2222 crebritate
697 2155 730 2221 in
752 2157 889 2223 ordinem
912 2160 1148 2240 revocarentur,
1179 2159 1210 2224 et
1237 2157 1359 2224 utilitas
1380 2158 1448 2240 illa,

206 2279 284 2342 quae
308 2279 343 2326 er
368 2259 575 2326 Consentione
597 2262 702 2326 tecum
732 2279 829 2344 nuper
858 2259 938 2326 inita
960 2262 1069 2327 manat
1090 2261 1123 2326 in
1154 2280 1191 2326 ea
1219 2279 1298 2344 quae
1328 2260 1369 2325 ad
1397 2279 1449 2326 res

206 2364 363 2430 Ecclesiae
387 2366 419 2429 et
440 2364 611 2449 Religionis
632 2364 797 2448 pertinent,
818 2383 878 2432 non
896 2364 987 2432 modo
1008 2366 1048 2430 ob
1069 2366 1243 2450 assignatos
1258 2367 1331 2433 tuae
1353 2366 1450 2432 ditio·

206 2468 255 2532 nie
278 2467 424 2534 Ecclesiis
446 2468 479 2532 in
501 2469 589 2534 bonis
604 2468 769 2553 fundisque
785 2468 951 2535 stabilibus
966 2469 1094 2551 reditus,
1115 2469 1168 2536 sed
1187 2470 1281 2536 etiam
1298 2470 1336 2536 ob
1355 2471 1450 2537 resti-

205 2575 310 2638 tutam
340 2573 497 2638 Ecclesiae
528 2573 711 2640 Pastoribus
735 2572 908 2640 Chariiatis
938 2573 1066 2642 effectus
1088 2574 1153 2642 Nos
1176 2576 1284 2660 urget,
1316 2575 1351 2639 nt
1375 2575 1450 2640 Tibi

206 2678 331 2763 tuisque
352 2677 386 2741 in
409 2676 559 2742 Bavarico
576 2677 688 2763 ¹Regno
712 2677 946 2745 suecessoribus
969 2677 1140 2744 Catholicis
1164 2678 1323 2743 luculenta
1339 2679 1450 2744 Ponti-

193 2783 295 2849 ¹liciae
317 2783 451 2848 Nostrae
473 2781 678 2872 benignitatis
701 2783 778 2849 dona
801 2783 991 2868 largiamur,
1024 2783 1115 2848 firma
1136 2803 1190 2866 spe
1218 2785 1310 2866 atque
1334 2781 1452 2850 fidncia

206 2889 239 2952 in
261 2887 393 2952 Domino
415 2886 505 2966 freti,
529 2881 611 2966 fore,
639 2887 676 2952 ut
698 2886 746 2952 Tu
769 2888 802 2952 et
821 2884 1018 2953 Successores
1044 2887 1093 2953 tui
1120 2886 1262 2971 gloriosis
1291 2885 1451 2971 Majorum

207 2993 342 3072 tuorum,
366 2991 419 3076 qui
435 2991 501 3056 tam
523 2989 680 3074 praeclare
705 2990 743 3056 de
767 2990 1101 3075 CatholioaReligione
1124 2991 1199 3056 sunt
1217 2990 1333 3071 meriti,
1354 2991 1453 3058 resti-

206 3096 268 3182 giis
286 3096 482 3161 inhaerentes
505 3094 717 3162 Orthodoram
739 3095 848 3161 Eidem
871 3095 985 3174 colere,
1015 3096 1113 3173 tueri,
1144 3113 1180 3162 ao
1208 3114 1390 3180 propagare,
1418 3098 1452 3162 et

206 3200 334 3285 populos
357 3198 470 3266 dihoni
491 3200 612 3266 vestrae
626 3199 820 3267 concreditos
841 3199 876 3266 in
893 3200 970 3266 Eida
994 3197 1167 3280 Catholici,
1190 3201 1226 3265 ac
1249 3202 1351 3266 vetere
1374 3220 1453 3286 erga

206 3304 286 3370 hanc
309 3305 345 3370 B.
369 3302 456 3369 Petri
478 3301 667 3368 Cathedram
689 3303 866 3370 obedientia
889 3305 1046 3370 continere
1068 3305 1153 3370 omui
1174 3304 1278 3371 studio
1302 3303 1372 3370 sitis
1394 3323 1453 3371 eu-

206 3409 314 3475 raturi.
360 3408 507 3475 Volentes
531 3407 637 3492 itaque
660 3407 731 3473 'libi
754 3408 880 3492 tuisque
899 3407 1132 3475 Successoribus
1156 3407 1326 3474 Catholicis
1348 3409 1454 3476 Bara-

206 3515 270 3579 riae
292 3511 432 3598 Regibus
462 3511 651 3597 gratificari,
684 3531 745 3579 non
769 3512 949 3579 dubitantes
974 3513 1018 3578 Ee
1041 3530 1078 3579 ac
1100 3513 1177 3578 Illos
1199 3513 1231 3578 in
1253 3513 1452 3580 nominandis

208 3618 247 3683 ad
269 3616 424 3683 Ecclesiae
447 3616 547 3701 Regni
571 3615 722 3681 Bavariae
753 3617 891 3700 personis
913 3617 1153 3696 Ecclesiasticis,
1185 3637 1265 3699 quae
1293 3617 1377 3685 vitae
1399 3617 1453 3684 in-

208 3723 367 3807 tegritate,
390 3721 549 3806 rahgione,
574 3719 645 3801 fide,
666 3720 851 3786 etdoctrina
865 3723 1034 3806 praestent,
1057 3721 1299 3804 acEpiscopalis
1314 3723 1455 3787 muneris
1567 3759 1568 3778 η

208 3824 424 3911 praerogativa
454 3825 567 3910 dignae
596 3823 677 3905 sint,
711 3843 868 3890 summum
890 3825 1029 3891 studium
1053 3844 1088 3891 ao
1111 3824 1309 3909 diligentiam
1331 3845 1456 3910 semper

209 3930 414 4010 adhibituros,
436 3949 493 3996 nee
515 3929 734 3997 conscientiam
750 3932 886 3997 vestram
906 3932 964 3996 hac
987 3931 1020 3996 in
1035 3951 1068 3996 re
1089 3929 1262 3996 ullomodo
1283 3930 1457 4015 laedipas-

209 4043 297 4101 suros
319 4053 403 4115 esse,
426 4035 515 4100 Motu
539 4034 659 4119 proprio
682 4036 714 4100 et
733 4055 769 4100 er
791 4031 877 4101 certa
899 4036 1029 4101 scientia
1051 4035 1175 4101 Nostris
1198 4034 1296 4118 deque
1317 4036 1457 4119 Aposto-

208 4141 286 4206 llcas
322 4139 487 4223 potestatis
518 4138 726 4223 plenitudine,
760 4140 849 4219 Tibi,
883 4141 1013 4224 tuisque
1037 4138 1271 4206 Successoribus
1301 4140 1458 4206 Barariae

209 4245 358 4332 Regibus,
380 4265 442 4312 una
464 4265 536 4312 cum
557 4244 691 4310 subditis
720 4245 753 4309 in
777 4244 958 4311 sinceritate
982 4244 1084 4326 Eidei,
1117 4233 1149 4311 et
1176 4244 1298 4310 unitate
1320 4243 1457 4310 Sanctae

210 4352 366 4416 Romanae
389 4349 545 4415 Ecclesiae
568 4367 624 4414 nec
647 4368 708 4415 non
736 4349 912 4416 obedientia
934 4351 1051 4416 Nostra
1080 4350 1112 4416 ol
1133 4348 1349 4415 successorum
1370 4349 1456 4415 Nos·
1565 4435 1566 4440 ἵ

210 4457 330 4521 trorum
352 4455 561 4519 Romanorum
584 4453 777 4519 Pontificum
801 4453 945 4519 canonice
964 4453 1149 4519 intrantium
1173 4452 1459 4537 perseverantibus,

210 4559 263 4642 qui
285 4578 339 4642 pro
362 4560 500 4641 tempore
522 4558 672 4624 Bavariae
695 4558 840 4640 Regnum
858 4558 1068 4640 possederint,
1091 4557 1252 4623 Indultum
1275 4556 1461 4622 nominandi
