3158 4866
436 244 566 302 liutheri.
588 247 706 316 Copttel
725 265 764 301 are
784 248 931 320 Lecaberp
948 250 1013 302 umet
1037 243 1203 314 Praenrqsl.
1275 252 1281 258 '

184 419 232 484 ter
255 419 407 505 Jcscphus
428 419 671 500 Semliratowicz,
699 420 953 504 ilrclriepiscopus
967 422 1172 504 Leopclicnsis
1187 423 1275 488 Ritus
1289 407 1427 487 Graece-

183 521 332 599 Rutlrcni,
356 523 420 588 Nos
440 544 535 606 nuper
557 525 708 602 oraverit,
732 525 959 590 Pontifiealium
984 545 1092 603 usum,
1121 546 1155 592 co
1177 527 1300 610 quidem
1333 528 1428 592 modo

183 645 220 690 ac
243 627 351 705 forma,
375 628 486 710 quibus
499 629 769 694 Arclrimandritae
785 630 935 694 Basiliani
951 649 1091 694 exercere
1111 631 1166 694 illa
1188 615 1426 710 consueverunt,

3 701 47 755 ἐ
92 799 96 808 ,,
185 731 306 794 duabus
337 731 445 814 primis
474 725 680 816 dignitatibus
704 721 935 815 Metropolitani
967 734 1015 797 sui
1039 735 1175 816 Capituli
1208 735 1427 816 LecpoliensiS,

184 835 258 912 Nos,
281 854 351 899 cum
375 835 609 900 Venerabilibus
627 837 791 928 Fratribus
803 839 935 915 Nostris,
959 837 1090 902 Sanctae
1114 838 1268 904 Ecclesiae
1287 839 1428 902 Romane

178 939 401 1026 ¹(lardinalibus
434 941 690 1024 Congregatiouis
721 943 808 1006 Fidei
836 942 1055 1024 Propagandac
1088 963 1139 1024 pro
1169 943 1303 1026 negotiis
1335 944 1429 1006 ltitns

186 1043 370 1124 Orientalis,
403 1053 579 1110 maturare
603 1028 846 1124 communicata,
870 1046 1036 1127 seduloque
1059 1065 1225 1128 perpensa,
1261 1046 1428 1110 memorati

186 1150 379 1214 Venerabilis
402 1149 519 1215 Fratris
542 1151 671 1233 Josephi
698 1152 895 1215 annuendum
929 1151 1024 1226 votis,
1055 1151 1168 1232 quibus
1190 1149 1430 1231 illetropclitani

51 1319 54 1330 ,
86 1245 89 1252 ’
157 1287 161 1294 ·
186 1255 305 1337 templi,
329 1259 360 1320 et
383 1274 537 1320 sacrarum
555 1257 815 1320 caeremoniarum
833 1255 988 1339 splendori
1003 1275 1039 1318 ae
1054 1255 1211 1338 majestati
1228 1254 1427 1336 prospicitur,

118 1407 137 1444 Ν,
187 1359 439 1424 existimavimus.
485 1359 569 1440 Quae
592 1379 661 1424 curn
686 1361 732 1425 ita
755 1361 827 1434 sint,
855 1360 994 1443 singulos
1017 1359 1293 1442 atqueuniversos,
1314 1359 1430 1442 quibus

187 1465 320 1528 Nostrae
343 1467 401 1528 bac
424 1463 562 1528 Litterae
585 1465 700 1540 favent,
724 1466 762 1528 ab
786 1465 945 1548 quibusvis
969 1462 1301 1542 excommunicationis
1326 1466 1359 1526 et
1379 1463 1430 1526 in·

1 1541 82 1646 3³3³·f‘·-.,
148 1647 154 1652 ᾖ
188 1569 323 1646 terdieti,
349 1569 478 1652 aliisque
502 1569 718 1633 ecclesiasticis
742 1569 887 1645 censuris,
914 1567 1077 1632 sententiis
1100 1568 1130 1632 et
1154 1568 1276 1650 poenis,
1301 1567 1429 1650 quovis·

187 1673 286 1750 mode,
311 1674 358 1738 vel
381 1673 488 1756 quavis
513 1673 549 1736 de
573 1693 666 1738 cerusa
686 1673 770 1751 latis,
794 1673 820 1738 si
842 1692 917 1756 quas
933 1673 1012 1736 torte
1029 1673 1225 1750 incurrerint,
1248 1673 1341 1755 hujus
1357 1679 1430 1736 tan·

186 1779 253 1843 tum
278 1779 320 1841 rei
344 1779 447 1860 gratia
469 1778 671 1854 absolventes,
696 1781 726 1842 et
748 1778 904 1842 absolutos
920 1779 983 1842 fore
1000 1779 1167 1855 ecrrsentes,
1193 1775 1432 1858 Porrtipteoltrrm

187 1903 279 1948 usam
300 1871 423 1946 discebas
439 1882 559 1960 primis
575 1881 793 1964 Diprrr'totr'bas
817 1883 1057 1962 Metr'opotitcrri
1081 1881 1430 1962 ceptrottsuoopotien-

187 1989 234 2052 sis
256 1987 483 2063 Emisenorum,
506 1987 544 2050 de
564 1987 795 2052 Venernbitiam
812 1987 965 2052 Fratrum
983 1985 1216 2062 Cardiacliarrr,
1240 2005 1430 2066 qarossuprn

187 2093 426 2168 ricmirrocirrrcs
450 2092 589 2167 coasilio,
613 2093 806 2155 [luctoritute
827 2091 1154 2171 NostrcApostotc'cc,
1175 2090 1259 2154 bisce
1276 2093 1430 2170 perpetuo

188 2197 335 2260 polituris
357 2196 497 2273 Litteris,
521 2197 732 2273 decerptione,
757 2199 847 2277 etque
869 2196 1058 2278 etorpimur,
1084 2195 1123 2258 ad
1154 2213 1292 2278 normam
1323 2194 1431 2256 tamen

189 2300 305 2364 decreti
327 2285 584 2384 'Congregationis
609 2299 837 2364 Venerabilium
854 2300 999 2364 Fratrum
1023 2299 1209 2363 Nostrorum
1232 2298 1432 2363 sauctaellc·

189 2406 300 2470 clasiae
325 2407 481 2469 Romanae
505 2405 830 2470 OardinaliurnSacris
847 2404 1002 2468 Ecclesiae
1026 2404 1152 2468 Ritibns
1175 2403 1431 2486 praepositorum,

8 2497 31 2592 ‘23'
63 2503 64 2506 ’
105 2549 107 2556 κ
189 2510 285 2574 aPio
310 2509 377 2576 Vll.
400 2509 635 2573 Praeter-,essere
657 2509 771 2572 Nostro
794 2508 971 2572 recolendae
995 2507 1160 2572 memoriae
1179 2506 1349 2589 approbati,
1375 2525 1432 2605 per

189 2613 448 2679 Constitutionem
470 2615 627 2695 tamqnam
652 2613 701 2676 nio
716 2613 865 2676 insertam
883 2614 914 2675 et
936 2611 976 2676 ad
993 2612 1117 2676 verbum
1134 2630 1306 2694 expressam
1322 2610 1432 2674 haberl

189 2719 379 2785 mandamus.
425 2718 626 2782 Decernimus
650 2737 738 2800 porro
758 2719 933 2800 praesentes
948 2717 1078 2780 Nostrae
1094 2716 1215 2780 Literas
1237 2707 1353 2791 firmae,
1377 2733 1433 2778 va-

188 2825 278 2902 lidas,
303 2827 335 2888 et
358 2823 497 2889 efficaces
519 2823 593 2900 fore,
617 2808 752 2904 duosque
774 2821 925 2903 plenarios
947 2822 977 2886 et
1005 2821 1142 2904 integros
1166 2819 1293 2884 effectus
1315 2818 1434 2894 sortiri,

189 2932 222 2993 et
244 2930 398 3006 obtinere,
421 2927 595 3009 eisdemque
618 2927 726 3009 primis
747 2927 966 3010 dignitatibus,
999 2945 1164 3008 eorumque
1194 2924 1434 3014 successoribus

187 3023 256 3110 lroe,
280 3033 450 3116 futurisque
472 3031 662 3114 temporibus
684 3032 861 3114 plenissime
881 3030 1055 3114 suffragari,
1078 3030 1182 3112 sicque
1205 3030 1235 3092 in
1252 3028 1434 3110 praemissis

189 3138 469 3221 per'quoscumque
489 3137 619 3219 judices,
643 3135 812 3201 ordinarios
835 3137 867 3200 et
882 3135 1050 3219 delegatos,
1075 3133 1169 3198 etiam
1194 3153 1356 3200 occisarum
1371 3135 1434 3197 Pa-

189 3241 259 3306 latii
281 3241 453 3324 Apostoliei
477 3241 650 3318 auditores,
674 3240 762 3305 Sedis
785 3225 981 3322 Apostolieac
997 3239 1142 3312 Nuntios,
1166 3257 1201 3301 ac
1220 3237 1352 3302 Sarrrctae
1372 3238 1433 3301 Ec-

190 3347 301 3412 clesiae
329 3347 484 3410 Romanae
497 3345 684 3423 Cardinales,
709 3345 802 3408 ctiam
826 3343 863 3408 de
884 3344 994 3408 Latere
1009 3343 1153 3426 Legatos,
1175 3342 1299 3426 sublata
1322 3343 1378 3422 eis,
1401 3345 1435 3407 et

190 3472 294 3518 eorum
319 3451 447 3516 cuilibet
470 3449 578 3532 quavis
602 3449 693 3514 aliter
713 3436 874 3532 judicandi
897 3451 936 3532 et
957 3447 1180 3530 interpretandi
1203 3447 1369 3526 facultate,
1402 3449 1435 3512 et

191 3545 376 3622 audtoritate
397 3554 539 3639 judicari,
564 3569 591 3618 ct
620 3554 743 3618 definiri
767 3553 885 3633 debere,
912 3572 947 3617 ac
971 3553 1093 3616 irritum
1116 3554 1148 3616 et
1170 3571 1280 3630 mane,
1295 3551 1322 3616 si
1346 3570 1436 3616 secus

191 3660 360 3743 superbis,
382 3680 399 3724 a
422 3679 573 3742 qucquam
597 3659 705 3742 quavis
721 3658 906 3722 auctoritate
931 3657 1072 3732 scienter,
1095 3655 1143 3720 vel
1159 3655 1339 3738 ignoranter
1361 3675 1435 3719 eou-

191 3766 307 3848 tigerit,
331 3764 490 3830 attentari.
524 3764 594 3829 Non
617 3763 813 3827 obstantibus
837 3763 887 3828 iel.
908 3761 1025 3826 record.
1048 3759 1208 3824 Benedicti
1229 3759 1313 3824 XIV.
1339 3757 1436 3822 Prae·

191 3871 358 3935 decessoris
373 3869 481 3934 Nostri
504 3887 594 3951 super
617 3867 765 3932 divisione
785 3865 967 3942 materium'3
998 3863 1127 3946 aliisque
1152 3861 1436 3927 Constitutionibcs

191 3977 222 4039 et
245 3973 489 4039 ordinationibus
512 3971 711 4054 Apostoliris,
740 3970 909 4051 ceterisque
940 3967 1102 4032 contrariis
1125 3966 1367 4049 quibuscunque.
1390 4003 1436 4014 -

192 4080 309 4144 Datum
326 4079 440 4142 Romae
463 4077 501 4140 ad
522 4077 668 4141 Sanctum
696 4076 825 4139 Petrum
856 4074 911 4138 snb
934 4072 1055 4136 Annulo
1077 4069 1245 4134 Piscatoris
1275 4069 1325 4134 die
1348 4069 1435 4136 XIV.

112 4255 114 4258 ,
192 4182 381 4267 Septembris
403 4167 678 4260 MDCCCLXXV,
705 4179 912 4245 Pontificatus
934 4177 1042 4242 Nostri
1062 4179 1150 4240 Anno
1174 4175 1357 4257 Trigcsimo.

23 4289 26 4296 ’
964 4273 972 4286 ’
1005 4281 1041 4347 J.
1067 4279 1164 4346 Ocrd.
1188 4279 1374 4360 Asprrirrius.

296 4391 352 4458 Ill.
376 4389 467 4456 PIUS
492 4391 552 4455 ΡΡ.
577 4391 630 4456 ΙΧ.
654 4391 709 4454 Ad
728 4391 872 4470 futuram
904 4387 952 4452 rei
974 4386 1166 4451 memoriam.
1211 4383 1257 4447 Ex
1279 4401 1363 4446 more
1386 4381 1438 4445 in-

193 4497 363 4578 stitutoque
374 4497 581 4559 Romanorum
597 4493 792 4570 Pontificum,
817 4491 1089 4555 Praedecessorum
1109 4489 1305 4565 Nostrorum,
1333 4486 1436 4550 eccle·

193 4603 327 4668 sinsticis
350 4600 441 4681 viris,
465 4600 563 4682 iisque
586 4599 784 4683 praesertim,
819 4597 872 4680 qui
902 4595 1075 4679 conspicuis
1103 4595 1136 4658 in
1167 4591 1304 4676 Templis
1334 4587 1435 4654 cultui
